<?xml version="1.0" encoding="UTF-8"?>
<!DOCTYPE html PUBLIC "-//W3C//DTD XHTML 1.0 Transitional//EN"
    "http://www.w3.org/TR/xhtml1/DTD/xhtml1-transitional.dtd">
<html xmlns="http://www.w3.org/1999/xhtml" xml:lang="en" lang="en">
 <head>
  <title>
</title>
<meta http-equiv="Content-Type" content="text/html;charset=utf-8" />
  <meta name='ocr-system' content='tesseract 3.04.00' />
  <meta name='ocr-capabilities' content='ocr_page ocr_carea ocr_par ocr_line ocrx_word'/>
</head>
<body>
  <div class='ocr_page' id='page_1' title='image "./deartecriticace00mlgoog_0057.png"; bbox 0 0 3120 5040; ppageno 0'>
   <div class='ocr_carea' id='block_1_1' title="bbox 686 427 1026 492">
    <p class='ocr_par' dir='ltr' id='par_1_1' title="bbox 686 427 1026 492">
     <span class='ocr_line' id='line_1_1' title="bbox 686 427 1026 492; baseline 0 -20"><span class='ocrx_word' id='word_1_1' title='bbox 686 427 1026 492; x_wconf 73' lang='lat'>-44-&#39;</span> 
     </span>
    </p>
   </div>
   <div class='ocr_carea' id='block_1_2' title="bbox 69 584 1504 2446">
    <p class='ocr_par' dir='ltr' id='par_1_2' title="bbox 167 584 1408 1201">
     <span class='ocr_line' id='line_1_2' title="bbox 167 584 1407 684; baseline 0.007 -29"><span class='ocrx_word' id='word_1_2' title='bbox 167 588 287 675; x_wconf 70' lang='lat' dir='ltr'>Neque</span> <span class='ocrx_word' id='word_1_3' title='bbox 309 595 397 658; x_wconf 76' lang='lat' dir='ltr'>enim</span> <span class='ocrx_word' id='word_1_4' title='bbox 420 614 461 660; x_wconf 77' lang='lat' dir='ltr'>ea</span> <span class='ocrx_word' id='word_1_5' title='bbox 482 596 516 659; x_wconf 77' lang='lat' dir='ltr'>iu</span> <span class='ocrx_word' id='word_1_6' title='bbox 536 598 587 662; x_wconf 73' lang='lat' dir='ltr'>his</span> <span class='ocrx_word' id='word_1_7' title='bbox 609 599 709 663; x_wconf 73' lang='lat' dir='ltr'>reiis</span> <span class='ocrx_word' id='word_1_8' title='bbox 731 600 832 664; x_wconf 65' lang='lat' dir='ltr'>ruine</span> <span class='ocrx_word' id='word_1_9' title='bbox 849 584 1018 682; x_wconf 67' lang='lat' dir='ltr'>diligentia</span> <span class='ocrx_word' id='word_1_10' title='bbox 1035 601 1124 665; x_wconf 76' lang='lat' dir='ltr'>iilius</span> <span class='ocrx_word' id='word_1_11' title='bbox 1139 591 1293 684; x_wconf 80' lang='lat' dir='ltr'>temporis</span> <span class='ocrx_word' id='word_1_12' title='bbox 1305 603 1407 666; x_wconf 79' lang='lat' dir='ltr'>iomi-</span> 
     </span>
     <span class='ocr_line' id='line_1_3' title="bbox 168 697 1407 787; baseline 0.007 -27"><span class='ocrx_word' id='word_1_13' title='bbox 168 713 226 760; x_wconf 86' lang='lat' dir='ltr'>nes</span> <span class='ocrx_word' id='word_1_14' title='bbox 248 697 369 783; x_wconf 81' lang='lat' dir='ltr'>doctos,</span> <span class='ocrx_word' id='word_1_15' title='bbox 391 718 458 782; x_wconf 91' lang='lat' dir='ltr'>qua</span> <span class='ocrx_word' id='word_1_16' title='bbox 478 702 699 783; x_wconf 81' lang='lat' dir='ltr'>nostri,·apud</span> <span class='ocrx_word' id='word_1_17' title='bbox 720 720 835 767; x_wconf 89' lang='lat' dir='ltr'>omnes</span> <span class='ocrx_word' id='word_1_18' title='bbox 856 703 1028 787; x_wconf 82' lang='lat' dir='ltr'>constat¹);</span> <span class='ocrx_word' id='word_1_19' title='bbox 1051 722 1111 768; x_wconf 87' lang='lat' dir='ltr'>uec</span> <span class='ocrx_word' id='word_1_20' title='bbox 1129 703 1262 769; x_wconf 55' lang='lat' dir='ltr'>&gt;videtur</span> <span class='ocrx_word' id='word_1_21' title='bbox 1286 700 1407 769; x_wconf 86' lang='lat' dir='ltr'>Maibo-</span> 
     </span>
     <span class='ocr_line' id='line_1_4' title="bbox 168 797 1408 893; baseline 0.008 -30"><span class='ocrx_word' id='word_1_22' title='bbox 168 801 254 863; x_wconf 88' lang='lat' dir='ltr'>mius</span> <span class='ocrx_word' id='word_1_23' title='bbox 276 820 325 886; x_wconf 77' lang='lat' dir='ltr'>ea,</span> <span class='ocrx_word' id='word_1_24' title='bbox 347 822 414 886; x_wconf 88' lang='lat' dir='ltr'>qua</span> <span class='ocrx_word' id='word_1_25' title='bbox 435 820 496 886; x_wconf 88' lang='lat' dir='ltr'>par</span> <span class='ocrx_word' id='word_1_26' title='bbox 518 809 597 884; x_wconf 88' lang='lat' dir='ltr'>erat,</span> <span class='ocrx_word' id='word_1_27' title='bbox 621 797 790 888; x_wconf 76' lang='lat' dir='ltr'>diligentia</span> <span class='ocrx_word' id='word_1_28' title='bbox 813 803 969 888; x_wconf 82' lang='lat' dir='ltr'>excerpta</span> <span class='ocrx_word' id='word_1_29' title='bbox 989 808 1162 890; x_wconf 78' lang='lat' dir='ltr'>digessisse</span> <span class='ocrx_word' id='word_1_30' title='bbox 1182 827 1299 893; x_wconf 85' lang='lat' dir='ltr'>neque,</span> <span class='ocrx_word' id='word_1_31' title='bbox 1320 809 1408 874; x_wconf 86' lang='lat' dir='ltr'>uude</span> 
     </span>
     <span class='ocr_line' id='line_1_5' title="bbox 167 905 1408 994; baseline 0.008 -27"><span class='ocrx_word' id='word_1_32' title='bbox 167 905 314 986; x_wconf 88' lang='lat' dir='ltr'>hauserit</span> <span class='ocrx_word' id='word_1_33' title='bbox 335 908 522 993; x_wconf 80' lang='lat' dir='ltr'>scripturas,</span> <span class='ocrx_word' id='word_1_34' title='bbox 544 909 764 994; x_wconf 81' lang='lat' dir='ltr'>adscripsisse,</span> <span class='ocrx_word' id='word_1_35' title='bbox 786 929 861 974; x_wconf 88' lang='lat' dir='ltr'>cum</span> <span class='ocrx_word' id='word_1_36' title='bbox 884 912 1015 975; x_wconf 89' lang='lat' dir='ltr'>omnino</span> <span class='ocrx_word' id='word_1_37' title='bbox 1039 910 1081 975; x_wconf 90' lang='lat' dir='ltr'>de</span> <span class='ocrx_word' id='word_1_38' title='bbox 1099 913 1165 976; x_wconf 64' lang='lat' dir='ltr'>&#39;hac</span> <span class='ocrx_word' id='word_1_39' title='bbox 1176 932 1213 976; x_wconf 91' lang='lat' dir='ltr'>re</span> <span class='ocrx_word' id='word_1_40' title='bbox 1224 915 1331 975; x_wconf 88' lang='lat' dir='ltr'>taceat</span> <span class='ocrx_word' id='word_1_41' title='bbox 1345 913 1408 977; x_wconf 85' lang='lat' dir='ltr'>Re-</span> 
     </span>
     <span class='ocr_line' id='line_1_6' title="bbox 167 1007 1405 1098; baseline 0.007 -28"><span class='ocrx_word' id='word_1_42' title='bbox 167 1007 542 1094; x_wconf 79' lang='lat' dir='ltr'>landus3nequecni1n</span> <span class='ocrx_word' id='word_1_43' title='bbox 564 1015 597 1076; x_wconf 90' lang='lat' dir='ltr'>iu</span> <span class='ocrx_word' id='word_1_44' title='bbox 619 1015 830 1098; x_wconf 63' lang='lat' dir='ltr'>praefatione,</span> <span class='ocrx_word' id='word_1_45' title='bbox 858 1014 916 1078; x_wconf 90' lang='lat' dir='ltr'>ubi</span> <span class='ocrx_word' id='word_1_46' title='bbox 938 1016 1136 1080; x_wconf 83' lang='lat' dir='ltr'>mentionem</span> <span class='ocrx_word' id='word_1_47' title='bbox 1158 1017 1235 1078; x_wconf 88' lang='lat' dir='ltr'>iecit</span> <span class='ocrx_word' id='word_1_48' title='bbox 1257 1015 1405 1080; x_wconf 83' lang='lat' dir='ltr'>codicum</span> 
     </span>
     <span class='ocr_line' id='line_1_7' title="bbox 167 1113 1408 1201; baseline 0.005 -26"><span class='ocrx_word' id='word_1_49' title='bbox 167 1113 201 1175; x_wconf 92' lang='lat' dir='ltr'>in</span> <span class='ocrx_word' id='word_1_50' title='bbox 223 1113 372 1195; x_wconf 74' lang='lat' dir='ltr'>Epicteto</span> <span class='ocrx_word' id='word_1_51' title='bbox 394 1116 618 1182; x_wconf 79' lang='lat' dir='ltr'>adhibitorum</span> <span class='ocrx_word' id='word_1_52' title='bbox 641 1119 687 1200; x_wconf 84' lang='lat' dir='ltr'>(p.</span> <span class='ocrx_word' id='word_1_53' title='bbox 713 1119 777 1198; x_wconf 82' lang='lat' dir='ltr'>V.],</span> <span class='ocrx_word' id='word_1_54' title='bbox 810 1137 918 1201; x_wconf 84' lang='lat' dir='ltr'>neque</span> <span class='ocrx_word' id='word_1_55' title='bbox 940 1119 1021 1183; x_wconf 86' lang='lat' dir='ltr'>alibi</span> <span class='ocrx_word' id='word_1_56' title='bbox 1043 1118 1085 1183; x_wconf 89' lang='lat' dir='ltr'>de</span> <span class='ocrx_word' id='word_1_57' title='bbox 1108 1132 1156 1196; x_wconf 86' lang='lat' dir='ltr'>eo,</span> <span class='ocrx_word' id='word_1_58' title='bbox 1188 1137 1255 1201; x_wconf 89' lang='lat' dir='ltr'>quo</span> <span class='ocrx_word' id='word_1_59' title='bbox 1277 1117 1408 1183; x_wconf 81' lang='lat' dir='ltr'>Cebetis</span> 
     </span>
    </p>

    <p class='ocr_par' dir='ltr' id='par_1_3' title="bbox 69 1217 1504 2446">
     <span class='ocr_line' id='line_1_8' title="bbox 168 1217 1407 1306; baseline 0.006 -30"><span class='ocrx_word' id='word_1_60' title='bbox 168 1217 283 1281; x_wconf 86' lang='lat' dir='ltr'>tabula</span> <span class='ocrx_word' id='word_1_61' title='bbox 305 1220 541 1306; x_wconf 84' lang='lat' dir='ltr'>continebatur,</span> <span class='ocrx_word' id='word_1_62' title='bbox 563 1221 677 1286; x_wconf 89' lang='lat' dir='ltr'>codice</span> <span class='ocrx_word' id='word_1_63' title='bbox 699 1222 1072 1306; x_wconf 81' lang='lat' dir='ltr'>maquidquamreiert.</span> <span class='ocrx_word' id='word_1_64' title='bbox 1094 1223 1285 1286; x_wconf 81' lang='lat' dir='ltr'>inscribitur</span> <span class='ocrx_word' id='word_1_65' title='bbox 1296 1226 1407 1286; x_wconf 87' lang='lat' dir='ltr'>autem</span> 
     </span>
     <span class='ocr_line' id='line_1_9' title="bbox 69 1312 1504 1408; baseline 0.004 -26"><span class='ocrx_word' id='word_1_66' title='bbox 69 1312 72 1317; x_wconf 69' lang='grc'><strong>’</strong></span> <span class='ocrx_word' id='word_1_67' title='bbox 169 1319 301 1406; x_wconf 74' lang='lat' dir='ltr'>citatio,</span> <span class='ocrx_word' id='word_1_68' title='bbox 324 1322 413 1405; x_wconf 88' lang='lat' dir='ltr'>quod</span> <span class='ocrx_word' id='word_1_69' title='bbox 436 1327 576 1388; x_wconf 81' lang='lat' dir='ltr'>varianti</span> <span class='ocrx_word' id='word_1_70' title='bbox 599 1327 779 1408; x_wconf 81' lang='lat' dir='ltr'>scripturae</span> <span class='ocrx_word' id='word_1_71' title='bbox 801 1329 986 1408; x_wconf 86' lang='lat' dir='ltr'>praefixum</span> <span class='ocrx_word' id='word_1_72' title='bbox 1008 1331 1071 1392; x_wconf 87' lang='lat' dir='ltr'>est:</span> <span class='ocrx_word' id='word_1_73' title='bbox 1099 1327 1238 1392; x_wconf 80' lang='lat' dir='ltr'>Variana</span> <span class='ocrx_word' id='word_1_74' title='bbox 1247 1325 1408 1408; x_wconf 83' lang='lat' dir='ltr'>scriptura</span> <span class='ocrx_word' id='word_1_75' title='bbox 1501 1344 1504 1357; x_wconf 83' lang='lat'><strong>·</strong></span> 
     </span>
     <span class='ocr_line' id='line_1_10' title="bbox 168 1423 1408 1514; baseline 0.007 -28"><span class='ocrx_word' id='word_1_76' title='bbox 168 1423 319 1489; x_wconf 87' lang='lat' dir='ltr'>codic-nm‘</span> <span class='ocrx_word' id='word_1_77' title='bbox 339 1447 437 1492; x_wconf 86' lang='lat' dir='ltr'>mann</span> <span class='ocrx_word' id='word_1_78' title='bbox 466 1431 672 1514; x_wconf 84' lang='lat' dir='ltr'>scriptoram,</span> <span class='ocrx_word' id='word_1_79' title='bbox 704 1432 739 1494; x_wconf 92' lang='lat' dir='ltr'>in</span> <span class='ocrx_word' id='word_1_80' title='bbox 762 1430 902 1514; x_wconf 80' lang='lat' dir='ltr'>Epicteti</span> <span class='ocrx_word' id='word_1_81' title='bbox 936 1431 1081 1494; x_wconf 87' lang='lat' dir='ltr'>manuali</span> <span class='ocrx_word' id='word_1_82' title='bbox 1104 1437 1131 1495; x_wconf 92' lang='lat' dir='ltr'>et</span> <span class='ocrx_word' id='word_1_83' title='bbox 1154 1429 1269 1494; x_wconf 75' lang='lat' dir='ltr'>Cebetis</span> <span class='ocrx_word' id='word_1_84' title='bbox 1291 1429 1408 1495; x_wconf 84' lang='lat' dir='ltr'>tninla.</span> 
     </span>
     <span class='ocr_line' id='line_1_11' title="bbox 167 1521 1409 1617; baseline 0.005 -27"><span class='ocrx_word' id='word_1_85' title='bbox 167 1527 321 1610; x_wconf 86' lang='lat' dir='ltr'>Sequitur</span> <span class='ocrx_word' id='word_1_86' title='bbox 335 1521 420 1595; x_wconf 50' lang='lat' dir='ltr'>¹iude</span> <span class='ocrx_word' id='word_1_87' title='bbox 441 1552 462 1597; x_wconf 89' lang='lat' dir='ltr'>a</span> <span class='ocrx_word' id='word_1_88' title='bbox 484 1553 513 1615; x_wconf 87' lang='lat' dir='ltr'>p.</span> <span class='ocrx_word' id='word_1_89' title='bbox 537 1535 599 1597; x_wconf 91' lang='lat'>101</span> <span class='ocrx_word' id='word_1_90' title='bbox 625 1534 794 1617; x_wconf 88' lang='lat' dir='ltr'>usquead</span> <span class='ocrx_word' id='word_1_91' title='bbox 816 1554 847 1615; x_wconf 87' lang='lat' dir='ltr'>p.</span> <span class='ocrx_word' id='word_1_92' title='bbox 870 1535 949 1598; x_wconf 79' lang='lat'><strong>120:</strong></span> <span class='ocrx_word' id='word_1_93' title='bbox 982 1533 1121 1598; x_wconf 83' lang='lat' dir='ltr'>Variana</span> <span class='ocrx_word' id='word_1_94' title='bbox 1142 1534 1302 1617; x_wconf 88' lang='lat' dir='ltr'>seriptnra</span> <span class='ocrx_word' id='word_1_95' title='bbox 1325 1532 1409 1597; x_wconf 90' lang='lat' dir='ltr'>codi-</span> 
     </span>
     <span class='ocr_line' id='line_1_12' title="bbox 167 1632 1409 1722; baseline 0.006 -28"><span class='ocrx_word' id='word_1_96' title='bbox 167 1632 213 1695; x_wconf 87' lang='lat' dir='ltr'>cis</span> <span class='ocrx_word' id='word_1_97' title='bbox 234 1653 332 1697; x_wconf 91' lang='lat' dir='ltr'>mann</span> <span class='ocrx_word' id='word_1_98' title='bbox 354 1637 466 1720; x_wconf 88' lang='lat' dir='ltr'>scripti</span> <span class='ocrx_word' id='word_1_99' title='bbox 477 1636 669 1722; x_wconf 83' lang='lat' dir='ltr'>Hesniensis</span> <span class='ocrx_word' id='word_1_100' title='bbox 681 1639 716 1701; x_wconf 92' lang='lat' dir='ltr'>in</span> <span class='ocrx_word' id='word_1_101' title='bbox 728 1637 865 1721; x_wconf 81' lang='lat' dir='ltr'>Epicteti</span> <span class='ocrx_word' id='word_1_102' title='bbox 888 1637 1071 1715; x_wconf 79' lang='lat' dir='ltr'>enchiridio,</span> <span class='ocrx_word' id='word_1_103' title='bbox 1092 1641 1163 1700; x_wconf 88' lang='lat' dir='ltr'>tum</span> <span class='ocrx_word' id='word_1_104' title='bbox 1179 1637 1409 1718; x_wconf 75' lang='lat' dir='ltr'>pino-126:</span> 
     </span>
     <span class='ocr_line' id='line_1_13' title="bbox 174 1735 1409 1824; baseline 0.002 -24"><span class='ocrx_word' id='word_1_105' title='bbox 174 1735 311 1803; x_wconf 79' lang='lat' dir='ltr'>Variana</span> <span class='ocrx_word' id='word_1_106' title='bbox 338 1741 498 1824; x_wconf 86' lang='lat' dir='ltr'>scriptura</span> <span class='ocrx_word' id='word_1_107' title='bbox 528 1740 646 1806; x_wconf 86' lang='lat' dir='ltr'>codicis</span> <span class='ocrx_word' id='word_1_108' title='bbox 669 1741 763 1806; x_wconf 76' lang='lat' dir='ltr'>nsit.</span> <span class='ocrx_word' id='word_1_109' title='bbox 786 1740 975 1806; x_wconf 78' lang='lat' dir='ltr'>Gerdesieni</span> <span class='ocrx_word' id='word_1_110' title='bbox 1007 1742 1043 1804; x_wconf 89' lang='lat' dir='ltr'>in</span> <span class='ocrx_word' id='word_1_111' title='bbox 1065 1739 1203 1823; x_wconf 87' lang='lat' dir='ltr'>Epicteti</span> <span class='ocrx_word' id='word_1_112' title='bbox 1227 1737 1409 1817; x_wconf 79' lang='lat' dir='ltr'>enchiridio,</span> 
     </span>
     <span class='ocr_line' id='line_1_14' title="bbox 167 1843 1410 1927; baseline 0.002 -22"><span class='ocrx_word' id='word_1_113' title='bbox 167 1860 268 1924; x_wconf 88' lang='lat' dir='ltr'>quem</span> <span class='ocrx_word' id='word_1_114' title='bbox 290 1844 437 1909; x_wconf 85' lang='lat' dir='ltr'>codicem</span> <span class='ocrx_word' id='word_1_115' title='bbox 458 1846 567 1927; x_wconf 91' lang='lat' dir='ltr'>ipsum</span> <span class='ocrx_word' id='word_1_116' title='bbox 588 1865 623 1910; x_wconf 91' lang='lat' dir='ltr'>se</span> <span class='ocrx_word' id='word_1_117' title='bbox 646 1846 821 1910; x_wconf 83' lang='lat' dir='ltr'>contulisse</span> <span class='ocrx_word' id='word_1_118' title='bbox 842 1864 918 1907; x_wconf 92' lang='lat' dir='ltr'>cum</span> <span class='ocrx_word' id='word_1_119' title='bbox 941 1845 1112 1909; x_wconf 88' lang='lat' dir='ltr'>Moibomii</span> <span class='ocrx_word' id='word_1_120' title='bbox 1133 1843 1410 1909; x_wconf 81' lang='lat' dir='ltr'>editioueinnota</span> 
     </span>
     <span class='ocr_line' id='line_1_15' title="bbox 166 1947 1409 2031; baseline 0.001 -23"><span class='ocrx_word' id='word_1_121' title='bbox 166 1948 335 2027; x_wconf 88' lang='lat' dir='ltr'>profitetur</span> <span class='ocrx_word' id='word_1_122' title='bbox 357 1948 570 2029; x_wconf 81' lang='lat' dir='ltr'>Relandus²];</span> <span class='ocrx_word' id='word_1_123' title='bbox 600 1949 719 2013; x_wconf 91' lang='lat' dir='ltr'>deinde</span> <span class='ocrx_word' id='word_1_124' title='bbox 745 1969 775 2031; x_wconf 89' lang='lat' dir='ltr'>p.</span> <span class='ocrx_word' id='word_1_125' title='bbox 798 1949 986 2012; x_wconf 66' lang='lat' dir='ltr'>ies—137:</span> <span class='ocrx_word' id='word_1_126' title='bbox 1016 1947 1153 2012; x_wconf 82' lang='lat' dir='ltr'>Variana</span> <span class='ocrx_word' id='word_1_127' title='bbox 1166 1947 1336 2030; x_wconf 81' lang='lat' dir='ltr'>scriptura</span> <span class='ocrx_word' id='word_1_128' title='bbox 1360 1966 1409 2010; x_wconf 91' lang='lat' dir='ltr'>co·</span> 
     </span>
     <span class='ocr_line' id='line_1_16' title="bbox 167 2049 1410 2136; baseline -0.001 -24"><span class='ocrx_word' id='word_1_129' title='bbox 167 2049 247 2113; x_wconf 86' lang='lat' dir='ltr'>dieis</span> <span class='ocrx_word' id='word_1_130' title='bbox 280 2050 377 2117; x_wconf 86' lang='lat' dir='ltr'>MSti.</span> <span class='ocrx_word' id='word_1_131' title='bbox 409 2053 444 2115; x_wconf 89' lang='lat' dir='ltr'>in</span> <span class='ocrx_word' id='word_1_132' title='bbox 468 2052 583 2118; x_wconf 77' lang='lat' dir='ltr'>Cebetis</span> <span class='ocrx_word' id='word_1_133' title='bbox 605 2053 723 2118; x_wconf 82' lang='lat' dir='ltr'>toireio.</span> <span class='ocrx_word' id='word_1_134' title='bbox 777 2052 873 2136; x_wconf 75' lang='lat' dir='ltr'>Quae</span> <span class='ocrx_word' id='word_1_135' title='bbox 905 2052 1009 2116; x_wconf 88' lang='lat' dir='ltr'>verba</span> <span class='ocrx_word' id='word_1_136' title='bbox 1042 2070 1152 2135; x_wconf 90' lang='lat' dir='ltr'>neque</span> <span class='ocrx_word' id='word_1_137' title='bbox 1185 2049 1228 2113; x_wconf 84' lang='lat' dir='ltr'>ad</span> <span class='ocrx_word' id='word_1_138' title='bbox 1262 2050 1410 2114; x_wconf 88' lang='lat' dir='ltr'>codicem</span> 
     </span>
     <span class='ocr_line' id='line_1_17' title="bbox 168 2153 1410 2240; baseline -0.001 -23"><span class='ocrx_word' id='word_1_139' title='bbox 168 2154 407 2219; x_wconf 86' lang='lat' dir='ltr'>Gerdesianum</span> <span class='ocrx_word' id='word_1_140' title='bbox 431 2175 540 2240; x_wconf 88' lang='lat' dir='ltr'>neque</span> <span class='ocrx_word' id='word_1_141' title='bbox 561 2157 605 2220; x_wconf 87' lang='lat' dir='ltr'>ad</span> <span class='ocrx_word' id='word_1_142' title='bbox 626 2157 849 2220; x_wconf 89' lang='lat' dir='ltr'>Havniensem</span> <span class='ocrx_word' id='word_1_143' title='bbox 871 2160 947 2237; x_wconf 87' lang='lat' dir='ltr'>apte</span> <span class='ocrx_word' id='word_1_144' title='bbox 968 2158 1102 2237; x_wconf 88' lang='lat' dir='ltr'>possunt</span> <span class='ocrx_word' id='word_1_145' title='bbox 1123 2154 1250 2217; x_wconf 79' lang='lat' dir='ltr'>reterri.</span> <span class='ocrx_word' id='word_1_146' title='bbox 1286 2153 1410 2216; x_wconf 91' lang='lat' dir='ltr'>Utrum</span> 
     </span>
     <span class='ocr_line' id='line_1_18' title="bbox 168 2256 1422 2342; baseline 0 -23"><span class='ocrx_word' id='word_1_147' title='bbox 168 2262 279 2322; x_wconf 89' lang='lat' dir='ltr'>autem</span> <span class='ocrx_word' id='word_1_148' title='bbox 302 2259 501 2325; x_wconf 82' lang='lat' dir='ltr'>Meibomius</span> <span class='ocrx_word' id='word_1_149' title='bbox 533 2261 604 2342; x_wconf 89' lang='lat' dir='ltr'>ipse</span> <span class='ocrx_word' id='word_1_150' title='bbox 636 2261 817 2324; x_wconf 82' lang='lat' dir='ltr'>excusserit</span> <span class='ocrx_word' id='word_1_151' title='bbox 847 2259 934 2323; x_wconf 88' lang='lat' dir='ltr'>huuc</span> <span class='ocrx_word' id='word_1_152' title='bbox 956 2258 1103 2328; x_wconf 75' lang='lat' dir='ltr'>codicem</span> <span class='ocrx_word' id='word_1_153' title='bbox 1126 2277 1169 2334; x_wconf 81' lang='lat' dir='ltr'>au</span> <span class='ocrx_word' id='word_1_154' title='bbox 1191 2257 1296 2341; x_wconf 84' lang='lat' dir='ltr'>ali-irs,</span> <span class='ocrx_word' id='word_1_155' title='bbox 1327 2256 1422 2320; x_wconf 64' lang='lat' dir='ltr'>nihii»</span> 
     </span>
     <span class='ocr_line' id='line_1_19' title="bbox 167 2356 1418 2446; baseline -0.001 -22"><span class='ocrx_word' id='word_1_156' title='bbox 167 2363 300 2427; x_wconf 87' lang='lat' dir='ltr'>omnino</span> <span class='ocrx_word' id='word_1_157' title='bbox 323 2363 422 2428; x_wconf 86' lang='lat' dir='ltr'>tradit</span> <span class='ocrx_word' id='word_1_158' title='bbox 434 2356 620 2446; x_wconf 81' lang='lat' dir='ltr'>Relandus3</span> <span class='ocrx_word' id='word_1_159' title='bbox 643 2365 730 2427; x_wconf 85' lang='lat' dir='ltr'>huuc</span> <span class='ocrx_word' id='word_1_160' title='bbox 751 2364 860 2443; x_wconf 91' lang='lat' dir='ltr'>ipsum</span> <span class='ocrx_word' id='word_1_161' title='bbox 882 2361 1058 2427; x_wconf 87' lang='lat' dir='ltr'>contulisse</span> <span class='ocrx_word' id='word_1_162' title='bbox 1078 2380 1157 2425; x_wconf 91' lang='lat' dir='ltr'>eum</span> <span class='ocrx_word' id='word_1_163' title='bbox 1179 2379 1244 2426; x_wconf 92' lang='lat' dir='ltr'>nou</span> <span class='ocrx_word' id='word_1_164' title='bbox 1263 2361 1418 2426; x_wconf 54' lang='lat' dir='ltr'>estverir</span> 
     </span>
    </p>
   </div>
   <div class='ocr_carea' id='block_1_3' title="bbox 62 2466 1238 2550">
    <p class='ocr_par' dir='ltr' id='par_1_4' title="bbox 62 2466 1238 2550">
     <span class='ocr_line' id='line_1_20' title="bbox 62 2466 1238 2550; baseline -0.002 -20"><span class='ocrx_word' id='word_1_165' title='bbox 62 2523 64 2530; x_wconf 80' lang='grc'>,</span> <span class='ocrx_word' id='word_1_166' title='bbox 168 2466 286 2550; x_wconf 75' lang='lat' dir='ltr'>simile,</span> <span class='ocrx_word' id='word_1_167' title='bbox 308 2486 385 2530; x_wconf 87' lang='lat' dir='ltr'>cum</span> <span class='ocrx_word' id='word_1_168' title='bbox 407 2468 469 2531; x_wconf 89' lang='lat' dir='ltr'>hoo</span> <span class='ocrx_word' id='word_1_169' title='bbox 490 2471 710 2532; x_wconf 71' lang='lat' dir='ltr'>nou‘moneat</span> <span class='ocrx_word' id='word_1_170' title='bbox 731 2468 815 2530; x_wconf 89' lang='lat' dir='ltr'>sicut</span> <span class='ocrx_word' id='word_1_171' title='bbox 836 2467 870 2528; x_wconf 92' lang='lat' dir='ltr'>in</span> <span class='ocrx_word' id='word_1_172' title='bbox 892 2466 1004 2541; x_wconf 85' lang='lat' dir='ltr'>codice</span> <span class='ocrx_word' id='word_1_173' title='bbox 1025 2466 1238 2531; x_wconf 85' lang='lat' dir='ltr'>Gardesiano.</span> 
     </span>
    </p>
   </div>
   <div class='ocr_carea' id='block_1_4' title="bbox 146 2569 1424 3792">
    <p class='ocr_par' dir='ltr' id='par_1_5' title="bbox 165 2569 1424 3070">
     <span class='ocr_line' id='line_1_21' title="bbox 209 2569 1412 2664; baseline 0.001 -31"><span class='ocrx_word' id='word_1_174' title='bbox 209 2654 214 2664; x_wconf 17' lang='grc' dir='ltr'><em>α</em></span> <span class='ocrx_word' id='word_1_175' title='bbox 271 2571 322 2634; x_wconf 89' lang='lat' dir='ltr'>Ac</span> <span class='ocrx_word' id='word_1_176' title='bbox 354 2571 552 2635; x_wconf 85' lang='lat' dir='ltr'>subveniunt</span> <span class='ocrx_word' id='word_1_177' title='bbox 584 2575 757 2651; x_wconf 86' lang='lat' dir='ltr'>praeterea</span> <span class='ocrx_word' id='word_1_178' title='bbox 790 2569 934 2652; x_wconf 87' lang='lat' dir='ltr'>opinioni</span> <span class='ocrx_word' id='word_1_179' title='bbox 966 2574 1098 2635; x_wconf 88' lang='lat' dir='ltr'>nostrae</span> <span class='ocrx_word' id='word_1_180' title='bbox 1136 2570 1237 2651; x_wconf 87' lang='lat' dir='ltr'>ipsius</span> <span class='ocrx_word' id='word_1_181' title='bbox 1265 2569 1412 2656; x_wconf 85' lang='lat' dir='ltr'>Retaudi</span> 
     </span>
     <span class='ocr_line' id='line_1_22' title="bbox 167 2669 1413 2758; baseline 0.001 -22"><span class='ocrx_word' id='word_1_182' title='bbox 167 2674 272 2737; x_wconf 86' lang='lat' dir='ltr'>verba</span> <span class='ocrx_word' id='word_1_183' title='bbox 293 2675 411 2755; x_wconf 76' lang='lat' dir='ltr'>(praet</span> <span class='ocrx_word' id='word_1_184' title='bbox 431 2675 494 2756; x_wconf 92' lang='lat' dir='ltr'>p.I</span> <span class='ocrx_word' id='word_1_185' title='bbox 514 2679 593 2758; x_wconf 83' lang='lat' dir='ltr'>sq.]:</span> <span class='ocrx_word' id='word_1_186' title='bbox 622 2680 713 2737; x_wconf 87' lang='lat' dir='ltr'>notas</span> <span class='ocrx_word' id='word_1_187' title='bbox 735 2674 797 2736; x_wconf 86' lang='lat' dir='ltr'>oiri</span> <span class='ocrx_word' id='word_1_188' title='bbox 819 2673 999 2756; x_wconf 80' lang='lat' dir='ltr'>doctissimi,</span> <span class='ocrx_word' id='word_1_189' title='bbox 1023 2672 1158 2758; x_wconf 74' lang='lat' dir='ltr'>diffusos</span> <span class='ocrx_word' id='word_1_190' title='bbox 1178 2669 1413 2758; x_wconf 74' lang='lat' dir='ltr'>dissipatasque</span> 
     </span>
     <span class='ocr_line' id='line_1_23' title="bbox 165 2775 1412 2862; baseline 0 -20"><span class='ocrx_word' id='word_1_191' title='bbox 165 2799 225 2862; x_wconf 88' lang='lat' dir='ltr'>per</span> <span class='ocrx_word' id='word_1_192' title='bbox 247 2778 356 2841; x_wconf 80' lang='lat' dir='ltr'>carias</span> <span class='ocrx_word' id='word_1_193' title='bbox 378 2777 532 2842; x_wconf 79' lang='lat' dir='ltr'>librorum</span> <span class='ocrx_word' id='word_1_194' title='bbox 553 2778 712 2862; x_wconf 79' lang='lat' dir='ltr'>marpines</span> <span class='ocrx_word' id='word_1_195' title='bbox 734 2783 763 2840; x_wconf 89' lang='lat' dir='ltr'>et</span> <span class='ocrx_word' id='word_1_196' title='bbox 785 2776 1028 2856; x_wconf 76' lang='lat' dir='ltr'>schediasmate,</span> <span class='ocrx_word' id='word_1_197' title='bbox 1052 2777 1093 2842; x_wconf 78' lang='lat' dir='ltr'>&#39;in</span> <span class='ocrx_word' id='word_1_198' title='bbox 1114 2782 1234 2840; x_wconf 85' lang='lat' dir='ltr'>certam</span> <span class='ocrx_word' id='word_1_199' title='bbox 1265 2775 1412 2847; x_wconf 79' lang='lat' dir='ltr'>ordinem</span> 
     </span>
     <span class='ocr_line' id='line_1_24' title="bbox 166 2879 1424 2965; baseline 0.002 -21"><span class='ocrx_word' id='word_1_200' title='bbox 166 2879 283 2965; x_wconf 85' lang='lat' dir='ltr'>redepi.</span> <span class='ocrx_word' id='word_1_201' title='bbox 305 2930 312 2944; x_wconf 91' lang='lat'>.</span> <span class='ocrx_word' id='word_1_202' title='bbox 336 2917 374 2946; x_wconf 65' lang='grc'>.-»</span> <span class='ocrx_word' id='word_1_203' title='bbox 416 2879 506 2944; x_wconf 87' lang='lat' dir='ltr'>Haec</span> <span class='ocrx_word' id='word_1_204' title='bbox 528 2880 756 2965; x_wconf 84' lang='lat' dir='ltr'>sndsepnnntnr</span> <span class='ocrx_word' id='word_1_205' title='bbox 777 2879 995 2946; x_wconf 80' lang='lat' dir='ltr'>adnotationes</span> <span class='ocrx_word' id='word_1_206' title='bbox 1017 2879 1199 2960; x_wconf 46' lang='lat' dir='ltr'>Meidomiii·</span> <span class='ocrx_word' id='word_1_207' title='bbox 1226 2886 1255 2944; x_wconf 86' lang='lat' dir='ltr'>et</span> <span class='ocrx_word' id='word_1_208' title='bbox 1276 2880 1424 2947; x_wconf 76' lang='lat' dir='ltr'>ederim·</span> 
     </span>
     <span class='ocr_line' id='line_1_25' title="bbox 168 2982 1412 3070; baseline 0.001 -22"><span class='ocrx_word' id='word_1_209' title='bbox 168 2985 231 3048; x_wconf 88' lang='lat' dir='ltr'>oiri</span> <span class='ocrx_word' id='word_1_210' title='bbox 253 2983 346 3068; x_wconf 84' lang='lat' dir='ltr'>docti,</span> <span class='ocrx_word' id='word_1_211' title='bbox 369 3005 458 3069; x_wconf 83' lang='lat' dir='ltr'>quem</span> <span class='ocrx_word' id='word_1_212' title='bbox 480 3005 581 3068; x_wconf 88' lang='lat' dir='ltr'>nnper</span> <span class='ocrx_word' id='word_1_213' title='bbox 603 2983 728 3048; x_wconf 86' lang='lat' dir='ltr'>demum</span> <span class='ocrx_word' id='word_1_214' title='bbox 746 2985 897 3068; x_wconf 87' lang='lat' dir='ltr'>plnrimis</span> <span class='ocrx_word' id='word_1_215' title='bbox 920 2985 1115 3070; x_wconf 81' lang='lat' dir='ltr'>arpnmentie</span> <span class='ocrx_word' id='word_1_216' title='bbox 1137 2982 1327 3067; x_wconf 72' lang='lat' dir='ltr'>deprehendi</span> <span class='ocrx_word' id='word_1_217' title='bbox 1343 2998 1412 3049; x_wconf 80' lang='lat' dir='ltr'>esse</span> 
     </span>
    </p>

    <p class='ocr_par' dir='ltr' id='par_1_6' title="bbox 146 3087 1422 3792">
     <span class='ocr_line' id='line_1_26' title="bbox 146 3087 1411 3173; baseline -0.002 -20"><span class='ocrx_word' id='word_1_218' title='bbox 146 3089 371 3162; x_wconf 61' lang='lat' dir='ltr'>astensium</span> <span class='ocrx_word' id='word_1_219' title='bbox 396 3092 474 3173; x_wconf 80' lang='lat' dir='ltr'>(qna</span> <span class='ocrx_word' id='word_1_220' title='bbox 497 3087 536 3152; x_wconf 91' lang='lat' dir='ltr'>de</span> <span class='ocrx_word' id='word_1_221' title='bbox 568 3109 603 3152; x_wconf 89' lang='lat' dir='ltr'>re</span> <span class='ocrx_word' id='word_1_222' title='bbox 624 3087 694 3152; x_wconf 86' lang='lat' dir='ltr'>aide</span> <span class='ocrx_word' id='word_1_223' title='bbox 713 3088 949 3172; x_wconf 77' lang='lat' dir='ltr'>praefationem</span> <span class='ocrx_word' id='word_1_224' title='bbox 970 3091 1006 3153; x_wconf 90' lang='lat' dir='ltr'>in</span> <span class='ocrx_word' id='word_1_225' title='bbox 1030 3089 1137 3152; x_wconf 87' lang='lat' dir='ltr'>limine</span> <span class='ocrx_word' id='word_1_226' title='bbox 1158 3088 1344 3154; x_wconf 77' lang='lat' dir='ltr'>acmssimris</span> <span class='ocrx_word' id='word_1_227' title='bbox 1367 3087 1411 3150; x_wconf 85' lang='lat' dir='ltr'>ad</span> 
     </span>
     <span class='ocr_line' id='line_1_27' title="bbox 168 3190 1422 3274; baseline -0.001 -18"><span class='ocrx_word' id='word_1_228' title='bbox 168 3199 260 3256; x_wconf 88' lang='lat' dir='ltr'>notas</span> <span class='ocrx_word' id='word_1_229' title='bbox 281 3192 512 3256; x_wconf 83' lang='lat' dir='ltr'>Meidomianas</span> <span class='ocrx_word' id='word_1_230' title='bbox 534 3192 733 3273; x_wconf 83' lang='lat' dir='ltr'>collocatam,</span> <span class='ocrx_word' id='word_1_231' title='bbox 763 3212 797 3274; x_wconf 93' lang='lat' dir='ltr'>p.</span> <span class='ocrx_word' id='word_1_232' title='bbox 822 3193 912 3269; x_wconf 77' lang='lat'>138.)</span> <span class='ocrx_word' id='word_1_233' title='bbox 940 3192 985 3255; x_wconf 88' lang='lat' dir='ltr'>ad</span> <span class='ocrx_word' id='word_1_234' title='bbox 1004 3191 1250 3257; x_wconf 62' lang='lat' dir='ltr'>&#39;dissertationes</span> <span class='ocrx_word' id='word_1_235' title='bbox 1271 3190 1422 3274; x_wconf 87' lang='lat' dir='ltr'>Epicteti·</span> 
     </span>
     <span class='ocr_line' id='line_1_28' title="bbox 168 3294 1411 3380; baseline -0.001 -21"><span class='ocrx_word' id='word_1_236' title='bbox 168 3295 208 3359; x_wconf 86' lang='lat' dir='ltr'>ab</span> <span class='ocrx_word' id='word_1_237' title='bbox 231 3294 375 3364; x_wconf 85' lang='lat' dir='ltr'>Arriano</span> <span class='ocrx_word' id='word_1_238' title='bbox 397 3343 404 3359; x_wconf 91' lang='lat'>.</span> <span class='ocrx_word' id='word_1_239' title='bbox 428 3343 435 3359; x_wconf 96' lang='lat'>.</span> <span class='ocrx_word' id='word_1_240' title='bbox 459 3343 466 3358; x_wconf 91' lang='lat'>.</span> <span class='ocrx_word' id='word_1_241' title='bbox 489 3295 635 3380; x_wconf 70' lang='lat' dir='ltr'>dipestaa</span> <span class='ocrx_word' id='word_1_242' title='bbox 656 3301 690 3358; x_wconf 90' lang='lat' dir='ltr'>et</span> <span class='ocrx_word' id='word_1_243' title='bbox 711 3298 746 3357; x_wconf 89' lang='lat' dir='ltr'>in</span> <span class='ocrx_word' id='word_1_244' title='bbox 767 3297 869 3376; x_wconf 87' lang='lat' dir='ltr'>praef.</span> <span class='ocrx_word' id='word_1_245' title='bbox 891 3295 934 3359; x_wconf 88' lang='lat' dir='ltr'>ad</span> <span class='ocrx_word' id='word_1_246' title='bbox 956 3296 998 3359; x_wconf 90' lang='lat' dir='ltr'>M.</span> <span class='ocrx_word' id='word_1_247' title='bbox 1011 3296 1180 3360; x_wconf 87' lang='lat' dir='ltr'>Meibornii</span> <span class='ocrx_word' id='word_1_248' title='bbox 1201 3299 1295 3358; x_wconf 85' lang='lat' dir='ltr'>notas</span> <span class='ocrx_word' id='word_1_249' title='bbox 1315 3313 1348 3375; x_wconf 91' lang='lat' dir='ltr'>p.</span> <span class='ocrx_word' id='word_1_250' title='bbox 1361 3295 1411 3358; x_wconf 76' lang='lat' dir='ltr'>it:</span> 
     </span>
     <span class='ocr_line' id='line_1_29' title="bbox 153 3397 1413 3483; baseline -0.001 -21"><span class='ocrx_word' id='word_1_251' title='bbox 153 3400 380 3483; x_wconf 82' lang='lat' dir='ltr'>&#39;Qnaecnnpne</span> <span class='ocrx_word' id='word_1_252' title='bbox 404 3398 459 3463; x_wconf 89' lang='lat' dir='ltr'>Vir</span> <span class='ocrx_word' id='word_1_253' title='bbox 481 3400 699 3482; x_wconf 77' lang='lat' dir='ltr'>Clarissimus,</span> <span class='ocrx_word' id='word_1_254' title='bbox 733 3398 866 3463; x_wconf 85' lang='lat' dir='ltr'>Marsas</span> <span class='ocrx_word' id='word_1_255' title='bbox 888 3398 1085 3482; x_wconf 82' lang='lat' dir='ltr'>Meidornins,</span> <span class='ocrx_word' id='word_1_256' title='bbox 1107 3405 1173 3461; x_wconf 81' lang='lat' dir='ltr'>inm</span> <span class='ocrx_word' id='word_1_257' title='bbox 1195 3398 1239 3461; x_wconf 88' lang='lat' dir='ltr'>ad</span> <span class='ocrx_word' id='word_1_258' title='bbox 1262 3397 1413 3466; x_wconf 75' lang='lat' dir='ltr'>Endtiri·</span> 
     </span>
     <span class='ocr_line' id='line_1_30' title="bbox 169 3499 1413 3585; baseline -0.002 -17"><span class='ocrx_word' id='word_1_259' title='bbox 169 3503 246 3568; x_wconf 89' lang='lat' dir='ltr'>dien</span> <span class='ocrx_word' id='word_1_260' title='bbox 269 3508 296 3566; x_wconf 89' lang='lat' dir='ltr'>et</span> <span class='ocrx_word' id='word_1_261' title='bbox 318 3504 488 3567; x_wconf 87' lang='lat' dir='ltr'>sententias</span> <span class='ocrx_word' id='word_1_262' title='bbox 510 3501 656 3585; x_wconf 80' lang='lat' dir='ltr'>Epicteti,</span> <span class='ocrx_word' id='word_1_263' title='bbox 690 3509 757 3566; x_wconf 82' lang='lat' dir='ltr'>tnnc</span> <span class='ocrx_word' id='word_1_264' title='bbox 778 3499 822 3566; x_wconf 85' lang='lat' dir='ltr'>ad</span> <span class='ocrx_word' id='word_1_265' title='bbox 845 3501 966 3566; x_wconf 33' lang='lat' dir='ltr'>Cebetis*</span> <span class='ocrx_word' id='word_1_266' title='bbox 983 3501 1133 3582; x_wconf 72' lang='lat' dir='ltr'>tedindem</span> <span class='ocrx_word' id='word_1_267' title='bbox 1164 3503 1293 3580; x_wconf 86' lang='lat' dir='ltr'>notavit,</span> <span class='ocrx_word' id='word_1_268' title='bbox 1317 3503 1370 3566; x_wconf 84' lang='lat' dir='ltr'>iric</span> <span class='ocrx_word' id='word_1_269' title='bbox 1389 3525 1413 3565; x_wconf 92' lang='lat' dir='ltr'>a</span> 
     </span>
     <span class='ocr_line' id='line_1_31' title="bbox 169 3603 1414 3689; baseline -0.002 -17"><span class='ocrx_word' id='word_1_270' title='bbox 169 3627 217 3672; x_wconf 92' lang='lat' dir='ltr'>me</span> <span class='ocrx_word' id='word_1_271' title='bbox 240 3605 397 3689; x_wconf 86' lang='lat' dir='ltr'>descripta</span> <span class='ocrx_word' id='word_1_272' title='bbox 421 3607 506 3670; x_wconf 88' lang='lat' dir='ltr'>etin</span> <span class='ocrx_word' id='word_1_273' title='bbox 528 3604 679 3683; x_wconf 83' lang='lat' dir='ltr'>ordinem,</span> <span class='ocrx_word' id='word_1_274' title='bbox 713 3625 772 3689; x_wconf 83' lang='lat' dir='ltr'>pao</span> <span class='ocrx_word' id='word_1_275' title='bbox 787 3603 866 3687; x_wconf 80' lang='lat' dir='ltr'>fieri</span> <span class='ocrx_word' id='word_1_276' title='bbox 886 3605 990 3686; x_wconf 89' lang='lat' dir='ltr'>potnit</span> <span class='ocrx_word' id='word_1_277' title='bbox 1012 3603 1112 3687; x_wconf 82' lang='lat' dir='ltr'>mode,</span> <span class='ocrx_word' id='word_1_278' title='bbox 1132 3603 1256 3688; x_wconf 81' lang='lat' dir='ltr'>dipesto</span> <span class='ocrx_word' id='word_1_279' title='bbox 1279 3605 1414 3670; x_wconf 65' lang='lat' dir='ltr'>amadeo.</span> 
     </span>
     <span class='ocr_line' id='line_1_32' title="bbox 170 3706 1413 3792; baseline -0.002 -16"><span class='ocrx_word' id='word_1_280' title='bbox 170 3709 372 3776; x_wconf 86' lang='lat' dir='ltr'>Perlnstraei</span> <span class='ocrx_word' id='word_1_281' title='bbox 393 3708 508 3786; x_wconf 84' lang='lat' dir='ltr'>sedulo,</span> <span class='ocrx_word' id='word_1_282' title='bbox 531 3729 594 3772; x_wconf 92' lang='lat' dir='ltr'>non</span> <span class='ocrx_word' id='word_1_283' title='bbox 616 3706 706 3771; x_wconf 90' lang='lat' dir='ltr'>modo</span> <span class='ocrx_word' id='word_1_284' title='bbox 729 3708 857 3772; x_wconf 79' lang='lat' dir='ltr'>chartas</span> <span class='ocrx_word' id='word_1_285' title='bbox 879 3709 965 3791; x_wconf 89' lang='lat' dir='ltr'>ipsas</span> <span class='ocrx_word' id='word_1_286' title='bbox 979 3707 1052 3790; x_wconf 84' lang='lat' dir='ltr'>jam</span> <span class='ocrx_word' id='word_1_287' title='bbox 1069 3708 1219 3791; x_wconf 85' lang='lat' dir='ltr'>praedam</span> <span class='ocrx_word' id='word_1_288' title='bbox 1230 3728 1354 3792; x_wconf 86' lang='lat' dir='ltr'>passas,</span> <span class='ocrx_word' id='word_1_289' title='bbox 1378 3710 1413 3774; x_wconf 90' lang='lat' dir='ltr'>in</span> 
     </span>
    </p>
   </div>
   <div class='ocr_carea' id='block_1_5' title="bbox 171 3971 584 3984">
    <p class='ocr_par' dir='ltr' id='par_1_7' title="bbox 171 3971 584 3984">
     <span class='ocr_line' id='line_1_33' title="bbox 171 3971 584 3984; baseline -0.01 0"><span class='ocrx_word' id='word_1_290' title='bbox 171 3971 584 3984; x_wconf 55' lang='lat' dir='ltr'>m·—</span> 
     </span>
    </p>
   </div>
   <div class='ocr_carea' id='block_1_6' title="bbox 170 4205 1416 4606">
    <p class='ocr_par' dir='ltr' id='par_1_8' title="bbox 172 4205 1413 4362">
     <span class='ocr_line' id='line_1_34' title="bbox 277 4205 1413 4278; baseline 0.004 -19"><span class='ocrx_word' id='word_1_291' title='bbox 277 4211 298 4278; x_wconf 73' lang='grc'>1)</span> <span class='ocrx_word' id='word_1_292' title='bbox 325 4207 411 4260; x_wconf 82' lang='lat' dir='ltr'>Cuirrs</span> <span class='ocrx_word' id='word_1_293' title='bbox 438 4210 478 4259; x_wconf 89' lang='lat' dir='ltr'>rei</span> <span class='ocrx_word' id='word_1_294' title='bbox 496 4207 626 4275; x_wconf 88' lang='lat' dir='ltr'>exempla</span> <span class='ocrx_word' id='word_1_295' title='bbox 643 4207 721 4258; x_wconf 80' lang='lat' dir='ltr'>affert</span> <span class='ocrx_word' id='word_1_296' title='bbox 739 4205 881 4264; x_wconf 80' lang='lat' dir='ltr'>Woelfflin</span> <span class='ocrx_word' id='word_1_297' title='bbox 898 4207 926 4257; x_wconf 89' lang='lat' dir='ltr'>iu</span> <span class='ocrx_word' id='word_1_298' title='bbox 945 4207 1029 4273; x_wconf 87' lang='lat' dir='ltr'>praef.</span> <span class='ocrx_word' id='word_1_299' title='bbox 1047 4206 1181 4271; x_wconf 89' lang='lat' dir='ltr'>Polyaeni</span> <span class='ocrx_word' id='word_1_300' title='bbox 1200 4207 1315 4262; x_wconf 88' lang='lat' dir='ltr'>editioni</span> <span class='ocrx_word' id='word_1_301' title='bbox 1336 4226 1413 4278; x_wconf 85' lang='lat' dir='ltr'>prae-</span> 
     </span>
     <span class='ocr_line' id='line_1_35' title="bbox 172 4293 405 4362; baseline -0.013 -16"><span class='ocrx_word' id='word_1_302' title='bbox 172 4297 271 4347; x_wconf 87' lang='lat' dir='ltr'>missae</span> <span class='ocrx_word' id='word_1_303' title='bbox 289 4311 313 4362; x_wconf 93' lang='lat' dir='ltr'>p.</span> <span class='ocrx_word' id='word_1_304' title='bbox 332 4293 405 4344; x_wconf 88' lang='lat' dir='ltr'>XXI.</span> 
     </span>
    </p>

    <p class='ocr_par' dir='ltr' id='par_1_9' title="bbox 170 4379 1416 4606">
     <span class='ocr_line' id='line_1_36' title="bbox 277 4379 1415 4450; baseline 0.003 -17"><span class='ocrx_word' id='word_1_305' title='bbox 277 4381 300 4450; x_wconf 73' lang='grc'>2]</span> <span class='ocrx_word' id='word_1_306' title='bbox 325 4383 373 4433; x_wconf 81' lang='lat' dir='ltr'>Eat</span> <span class='ocrx_word' id='word_1_307' title='bbox 390 4383 539 4433; x_wconf 78' lang='lat' dir='ltr'>Jeaedimne</span> <span class='ocrx_word' id='word_1_308' title='bbox 560 4379 705 4442; x_wconf 78' lang='lat' dir='ltr'>Gerdesias,</span> <span class='ocrx_word' id='word_1_309' title='bbox 730 4381 775 4444; x_wconf 76' lang='lat' dir='ltr'>qni</span> <span class='ocrx_word' id='word_1_310' title='bbox 797 4396 829 4428; x_wconf 80' lang='lat' dir='ltr'>en</span> <span class='ocrx_word' id='word_1_311' title='bbox 851 4380 935 4431; x_wconf 82' lang='lat' dir='ltr'>codice</span> <span class='ocrx_word' id='word_1_312' title='bbox 958 4380 1131 4444; x_wconf 75' lang='lat' dir='ltr'>manuscripto</span> <span class='ocrx_word' id='word_1_313' title='bbox 1156 4383 1236 4434; x_wconf 80' lang='lat' dir='ltr'>atiena</span> <span class='ocrx_word' id='word_1_314' title='bbox 1261 4401 1312 4436; x_wconf 76' lang='lat' dir='ltr'>sna</span> <span class='ocrx_word' id='word_1_315' title='bbox 1331 4393 1415 4436; x_wconf 80' lang='lat' dir='ltr'>mann</span> 
     </span>
     <span class='ocr_line' id='line_1_37' title="bbox 170 4464 1416 4534; baseline 0 -14"><span class='ocrx_word' id='word_1_316' title='bbox 170 4471 301 4534; x_wconf 63' lang='lat' dir='ltr'>dmeriprm</span> <span class='ocrx_word' id='word_1_317' title='bbox 324 4471 353 4519; x_wconf 84' lang='lat' dir='ltr'>in</span> <span class='ocrx_word' id='word_1_318' title='bbox 376 4485 451 4520; x_wconf 75' lang='lat' dir='ltr'>namn</span> <span class='ocrx_word' id='word_1_319' title='bbox 468 4468 568 4518; x_wconf 80' lang='lat' dir='ltr'>Itinetr.</span> <span class='ocrx_word' id='word_1_320' title='bbox 591 4467 647 4517; x_wconf 84' lang='lat' dir='ltr'>Viri</span> <span class='ocrx_word' id='word_1_321' title='bbox 662 4466 791 4516; x_wconf 79' lang='lat' dir='ltr'>Joachimi</span> <span class='ocrx_word' id='word_1_322' title='bbox 810 4464 964 4532; x_wconf 77' lang='lat' dir='ltr'>Gmstorpii,</span> <span class='ocrx_word' id='word_1_323' title='bbox 991 4482 1062 4517; x_wconf 86' lang='lat' dir='ltr'>anno</span> <span class='ocrx_word' id='word_1_324' title='bbox 1087 4471 1162 4518; x_wconf 74' lang='lat'>1644.</span> <span class='ocrx_word' id='word_1_325' title='bbox 1197 4470 1280 4523; x_wconf 73' lang='lat' dir='ltr'>Extat</span> <span class='ocrx_word' id='word_1_326' title='bbox 1297 4471 1325 4520; x_wconf 88' lang='lat' dir='ltr'>in</span> <span class='ocrx_word' id='word_1_327' title='bbox 1343 4470 1416 4520; x_wconf 76' lang='lat' dir='ltr'>Bar</span> 
     </span>
     <span class='ocr_line' id='line_1_38' title="bbox 171 4551 860 4606; baseline -0.007 -1"><span class='ocrx_word' id='word_1_328' title='bbox 171 4553 355 4606; x_wconf 80' lang='lat' dir='ltr'>Meibemiana.</span> <span class='ocrx_word' id='word_1_329' title='bbox 391 4555 471 4605; x_wconf 86' lang='lat' dir='ltr'>Hanc</span> <span class='ocrx_word' id='word_1_330' title='bbox 488 4553 588 4604; x_wconf 81' lang='lat' dir='ltr'>contadi</span> <span class='ocrx_word' id='word_1_331' title='bbox 604 4568 660 4603; x_wconf 86' lang='lat' dir='ltr'>cnm</span> <span class='ocrx_word' id='word_1_332' title='bbox 678 4554 727 4603; x_wconf 78' lang='lat' dir='ltr'>dac</span> <span class='ocrx_word' id='word_1_333' title='bbox 744 4551 860 4602; x_wconf 84' lang='lat' dir='ltr'>editione.</span> 
     </span>
    </p>
   </div>
   <div class='ocr_carea' id='block_1_7' title="bbox 0 0 1569 5040">
    <p class='ocr_par' dir='ltr' id='par_1_10' title="bbox 0 0 1569 5040">
     <span class='ocr_line' id='line_1_39' title="bbox 0 0 1569 5040; baseline 0 0"><span class='ocrx_word' id='word_1_334' title='bbox 0 0 1569 5040; x_wconf 95' lang='lat' dir='ltr'> </span> 
     </span>
    </p>
   </div>
  </div>
 </body>
</html>
