3120 5040
675 458 881 530 ..46,..

168 707 170 711 ,
260 637 353 702 Idem
377 638 454 705 ei.
476 656 544 707 ven
563 639 623 702 der
644 637 704 718 Ae,
720 639 820 703 cuins
843 640 947 713 verbe
970 638 1068 705 modo
1090 639 1237 725 laudavi,
1258 656 1399 709 comune·

157 746 264 807 moret
287 743 464 827 cototopum
487 743 776 826 manuscriptorum
810 743 1012 810 etlibrorum
1036 745 1260 828 impressorum
1283 766 1321 810 eu
1343 746 1400 812 Bi·

158 836 308 911 dttotbeco
331 847 393 910 oiri
415 846 575 931 quomtom
597 847 693 932 loupe‘
710 847 902 912 celeberrimi
924 849 969 913 M.
992 848 1170 931 disiecerit,
1205 851 1400 920 sumnum

157 951 238 1036 Repi
260 950 390 1028 Doulou
412 971 432 1014 u
453 951 600 1029 consiliis,
621 952 833 1034 superstitum
855 950 978 1035 Hopoe.
1001 973 1055 1015 ou.
1078 953 1188 1022 1752..
1216 953 1325 1028 Huius
1347 973 1399 1021 cu·

158 1053 433 1137 talogiopebaud
444 1055 511 1118 seio
526 1073 569 1119 au
580 1055 744 1137 contingat
755 1055 898 1122 Batavm
909 1055 1125 1120 bibliothecas
1136 1057 1347 1139 perquirenti,
1364 1061 1401 1127 ut

157 1159 302 1240 reperiet
323 1158 495 1240 exemplar
516 1159 587 1225 sive
609 1145 1008 1248 exemplariafquorum
1032 1159 1240 1241 marginibus,
1259 1159 1401 1248 adserip3

156 1261 452 1330 seratldeibomins
467 1263 648 1344 scripturae
671 1262 905 1344 discrepantias
929 1269 962 1327 et
984 1267 1093 1346 notes·;
1114 1263 1202 1346 quod
1225 1263 1253 1327 si
1280 1266 1401 1329 contin·

158 1369 222 1447 gat,
246 1365 316 1443 sors
337 1370 425 1450 puto,
448 1370 483 1441 ut
506 1365 548 1430 de
569 1367 681 1431 multis
703 1367 782 1438 locis
805 1367 901 1430 aliter
923 1368 1102 1439 sentiamus
1125 1385 1166 1433 ae
1186 1363 1280 1433 nunc

140 1529 157 1547 .,
261 1468 327 1536 Sed
340 1474 506 1551 superest,
536 1475 579 1554 ut,
601 1470 767 1554 quomodo
791 1470 940 1535 codicum
963 1471 1199 1537 Parisiensinm
1220 1472 1401 1553 scripturae

157 1572 192 1653 in
214 1572 389 1648 Meibonrii,
406 1591 523 1638 manus
545 1573 719 1638 videantur
742 1576 940 1658 pervenisse,
962 1572 1142 1641 ostendum.
1180 1575 1295 1639 Facile
1316 1577 1401 1642 coni·

138 1677 224 1740 ‚ciat
246 1676 367 1759 aliquis
390 1673 581 1741 eGronovii
604 1677 747 1742 editione
768 1679 982 1759 assumpsisse
998 1696 1054 1743 eas
1065 1667 1289 1757 Meibomium,
1312 1679 1402 1762 quod

159 1798 224 1844 non
245 1799 377 1860 vernum
399 1799 477 1844 nam
491 1780 529 1828 -’-
547 1783 742 1860 utmittam,
766 1783 838 1846 iure
858 1782 973 1845 mireri
995 1799 1067 1866 nos,
1087 1801 1146 1845 cur
1167 1800 1231 1849 non
1243 1801 1292 1867 ee,
1305 1800 1402 1867 ¹quus

140 1885 193 1950 ‚iu
215 1885 279 1965 line
302 1881 436 1966 primus
449 1903 570 1968 graece
585 1884 688 1949 edidit
700 1886 894 1969 Gronovius,
915 1886 1020 1950 verbu
1042 1884 1206 1950 addiderit
1228 1920 1268 1937 -
1289 1888 1401 1970 plures

159 2007 261 2070 qnam
284 1991 336 2052 hic
358 2009 402 2052 ex
423 1990 489 2052 illis
511 1989 678 2054 codicibus
700 1991 796 2079 effert
817 1991 1003 2073 scripturas,
1024 1991 1071 2054 ita
1093 1993 1129 2053 ut
1150 1992 1334 2063 accuratius
1355 1992 1402 2055 ri·

138 2093 298 2175 ‘deantur
320 2111 393 2157 esse
416 2094 555 2159 excussi
592 2092 658 2158 Sed
682 2094 743 2157 luit
764 2094 961 2166 Meibomins
983 2095 1054 2175 ipse
1075 2094 1108 2157 in
1121 2094 1400 2176 Francogullie¹);

159 2197 275 2280 quidni
297 2198 432 2274 Parisiis
466 2216 542 2260 eum
576 2197 752 2262 contulisse
774 2197 902 2261 codices
925 2198 958 2259 in
981 2197 1182 2269 bibliotheca
1209 2199 1303 2281 regin
1333 2218 1401 2266 ser·

160 2306 252 2366 vatos
273 2303 450 2384 putemus?
495 2299 592 2384 Quod
625 2320 702 2364 cum
731 2300 874 2387 editione
904 2301 991 2382 typis
1013 2302 1080 2363 iam
1104 2319 1262 2384 expresse
1283 2303 1401 2369 fecisse

159 2405 323 2489 putandus
337 2407 394 2483 sit,
416 2406 554 2469 fortusse
577 2406 639 2469 hac
661 2405 703 2477 de
726 2423 826 2468 causa
848 2422 930 2486 opus
953 2405 1085 2487 reliquit
1106 2405 1271 2472 iniectum.
1337 2468 1339 2473 ⁴

265 2508 412 2592 Apparet
433 2509 551 2590 igitur,
585 2527 661 2573 eum
695 2510 871 2590 scripturus
900 2527 922 2571 a
944 2507 1122 2573 Meibomio
1144 2514 1316 2592 excerptas
1337 2528 1402 2576 non

160 2612 257 2676 licent
277 2613 433 2695 amplecti
453 2612 515 2676 nisi
537 2611 786 2694 diligentissime
808 2612 1022 2689 examinatas,
1052 2630 1138 2696 eum,
1160 2614 1273 2695 quiin
1296 2612 1399 2680 Cebe-

160 2718 202 2781 tis
223 2716 337 2781 tabuln
355 2720 493 2780 exercet
515 2719 621 2778 artem
644 2716 812 2795 criticam,
845 2716 879 2779 in
901 2714 1014 2779 codiee
1035 2713 1071 2783 A
1094 2721 1265 2799 tamquam
1287 2717 1401 2783 lunde-

160 2825 270 2889 mento
301 2818 423 2883 debere
451 2818 511 2882 niti
532 2818 566 2881 in
588 2818 697 2899 priore
720 2818 855 2902 quidem
878 2818 983 2882 libelli
1004 2824 1116 2901 parte3
1148 2824 1259 2883 utrum
1288 2826 1400 2886 autem

159 2925 311 2989 sufficere
352 2922 505 2988 videatur
541 2919 576 2989 A
617 2923 728 2987 verbis
761 2921 986 3000 recensendis,
1036 2921 1212 3006 postquam
1252 2923 1400 2998 codicem

159 3023 195 3096 V
216 3047 237 3092 e
258 3027 459 3093 deteriorum
481 3043 619 3090 numero
650 3045 721 3091 esse
751 3027 1002 3115 integerrimum
1025 3024 1267 3111 demonstravi,
1300 3043 1400 3108 quee-

160 3150 283 3197 ramus.
788 3153 791 3158 ·

743 3356 811 3436 33.

262 3510 329 3568 De
349 3509 588 3569 deterioris
607 3512 783 3581 generis
802 3486 1005 3568 codicum
1025 3507 1300 3568 condicione.

264 3690 302 3753 ln
324 3689 503 3772 posteriore
524 3688 629 3752 libelli
650 3691 753 3770 perte,
783 3707 859 3751 eum
881 3686 994 3751 codice
1013 3682 1047 3753 A
1069 3686 1172 3750 simus
1194 3685 1348 3768 destituti,
1370 3685 1404 3749 in

162 3794 381 3859 deterioribus
402 3810 535 3876 prorsus
557 3791 727 3855 nitendum
748 3788 841 3854 nobis
863 3795 931 3870 est;
965 3809 1104 3873 qnorum
1139 3788 1283 3855 condicio
1317 3807 1404 3870 quae

163 3900 213 3982 sit,
249 3916 325 3960 cum
347 3915 449 3979 supra
470 3898 669 3960 sufficienter
692 3897 774 3959 mihi
795 3895 912 3959 videar
934 3894 1125 3979 ostendisse,
1157 3892 1404 3972 diligentissime

163 4019 222 4064 noe
252 4001 346 4065 decet
366 4002 553 4084 inquirere,
586 4002 644 4083 qui
676 4002 718 4072 sit
749 4001 986 4081 integerrimus.
1030 3998 1140 4081 Atque
1163 3996 1263 4058 etiam
1286 3995 1322 4057 in
1342 3996 1404 4059 hae

164 4107 356 4187 quaestione
388 4103 585 4168 instituenda
618 4123 639 4168 a
668 4104 777 4185 priore
798 4103 903 4166 libelli
925 4107 1020 4184 parte
1041 4099 1263 4164 exordiemur.
1308 4096 1404 4162 Codi-

163 4227 237 4274 cem
258 4206 295 4277 K
318 4202 390 4277 ec
422 4227 495 4272 esse
529 4209 776 4289 transscriptum
809 4225 885 4268 eum
907 4225 1008 4288 snpra
1030 4203 1339 4285 comprobaverim,
1374 4197 1402 4266 P

270 4607 292 4676 ι)
311 4604 404 4672 esogr.
422 4607 497 4657 univ.
511 4562 556 4657 ne.
574 4578 675 4673 pj141.
710 4602 743 4669 v.
761 4605 787 4656 o.
807 4606 850 4657 Aa
869 4606 885 4658 1.
903 4605 921 4657 1.
939 4621 965 4673 p.
983 4578 1052 4655 serf
1170 4656 1172 4660 .
