3120 5040
693 478 909 540 ..26-

180 651 260 714 XIV
283 652 305 712 4
328 648 519 733 ψευδοποιΐᾳ
541 646 616 711 οὐδὲ

181 1083 245 1146 XV
269 1087 286 1146 1
312 1081 395 1145 ἐστιν
419 1083 497 1167 αὕτη
521 1081 542 1166 η
566 1081 639 1159 ὁδὸς

180 1203 261 1266 XVI
275 1206 302 1266 ,1
328 1200 500 1278 εὐτάκτους

180 1324 261 1388 XVI
285 1327 301 1388 1
326 1322 406 1400 τίνες
428 1323 507 1416 φηρὶ
528 1323 703 1387 καλοῦνται

179 1446 260 1510 XVI
281 1447 304 1509 4
325 1443 552 1532 καταβαίνουσι

179 1564 261 1631 XVI
284 1573 304 1631 5
326 1567 382 1629 ml
404 1566 577 1652 ἀληθεινὴν

179 1689 277 1752 XVII
300 1693 317 1752 1
344 1688 403 1773 ἔφη
429 1689 610 1774 ἔμπροσθεν
636 1698 693 1752 τοῦ
720 1689 776 1754 ἀλ-

224 1812 299 1869 οους
322 1790 446 1856 ἐκείνου
469 1792 525 1856 καί
546 1792 645 1858 τόπον
691 1872 694 1877 ¹

179 1919 296 1982 XVIII
319 1920 338 1981 2
363 1916 429 2003 μετ’
451 1918 548 2002 αὐτῆς

180 2042 294 2106 XVIII
318 2044 340 2104 4
360 2039 429 2105 τίνοι
452 2041 527 2105 εἰσιν
551 2041 572 2103 ἂ

181 2166 294 2230 XVIII
315 2167 339 2229 4
360 2185 439 2228 ποτε
455 2165 572 2227 παθεῖν
596 2163 629 2226 ἐν
652 2172 696 2248 τῷ
720 2162 776 2250 βίῳ

181 2497 266 2560 XIX
289 2499 304 2559 1
332 2482 533 2578 ὢηροὶιιλεις

181 2619 265 2683 XIX
288 2620 307 2681 2
331 2615 493 2701 φιλότιμος

181 2738 265 2804 XIX
287 2742 309 2802 4
329 2740 384 2803 τὸν
409 2739 506 2802 αὐτόν
529 2737 568 2822 δὴ
591 2736 710 2820 τρόπον

181 2882 264 2947 XIX
284 2881 306 2944 4
328 2879 417 2941 κοικά
441 2878 502 2940 ὅσα

182 3023 264 3086 XIX
289 3025 308 3082 5
342 3021 430 3103 παρὰ
463 3027 519 3102 τῆς
553 3015 675 3099 ἀπάτης
709 3014 780 3078 ἔπε-

225 3144 320 3187 πονιει

184 3369 268 3433 XIX
291 3371 311 3430 5
333 3375 378 3452 τῷ
401 3365 559 3454 περιβόλῳ

183 3507 249 3571 XX
274 3507 289 3569 4
318 3504 396 3589 ἔφην
419 3503 462 3581 ὡς
484 3503 532 3589 ἐφ’
547 3504 629 3589 ὧραι
645 3504 781 3590 μάλιστα

185 4430 269 4493 XXI
296 4431 307 4490 1
335 4427 377 4503 εἰς

185 4566 270 4635 XXI
294 4568 312 4629 2
336 4569 390 4632 τὸν
407 4564 531 4652 ὑψηλόν
554 4565 653 4630 τόπον

833 648 1061 735 ψευδοπαιδεία
1104 646 1260 711 οὐδέποτε
1301 644 1422 709 ἀπολυ·

870 754 1026 838 θήσονται
1048 751 1123 816 οὐδὲ
1154 745 1422 819 AVLBRPGK

826 862 943 926 desunt
975 865 1113 941 excepto
1145 856 1309 918 vocabulo
1347 851 1423 916 οὐδὲ

871 970 1003 1046 propter
1025 964 1177 1026 lacunam
1199 961 1232 1022 in
1255 954 1337 1025 DW

826 1088 905 1169 αὓτη
928 1084 949 1169 ἡ
974 1083 1048 1161 ὁδός
1071 1081 1153 1145 ἔστιν

828 1206 1021 1283 εὐεκτοὺσοις

827 1328 907 1405 τίνες
930 1325 1105 1391 καλοῦνται
1128 1326 1206 1408 ἔφην

829 1446 1142 1536 προσκαταβοιίνουσι

829 1575 910 1656 πρός
931 1573 988 1654 τὴν
1011 1568 1167 1654 ἀληθινὴν

830 1695 889 1779 ἔφη
923 1691 979 1754 καὶ
1013 1689 1195 1774 ἔμπροσθεν
1225 1696 1281 1751 τοῦ
1305 1684 1423 1760 ἄλσους

873 1794 997 1859 ἐκείνου
1021 1792 1120 1856 τόπον

832 1920 910 2003 μετὰ
932 1916 1047 2002 ταύτης

829 2038 898 2104 τίνοι
921 2038 1048 2103 ἐστίνᾶ

830 2181 909 2224 ποτε
932 2159 1032 2223 δεινόν
1055 2160 1172 2223 ποθεῖν
1184 2158 1273 2223 ἐντῶ
1285 2154 1342 2243 βίω
1357 2151 1426 2223 AV

873 2259 1106 2334 LBRDPCK

830 2405 909 2449 ποτε
932 2383 1049 2448 παθεῖν
1072 2384 1105 2448 ἔν
1128 2392 1173 2448 τῶ
1190 2381 1247 2470 βίω
1260 2380 1361 2445 δεινόν
1379 2378 1427 2448 W

830 2504 982 2591 ἡράκλεις
1075 2494 1079 2500 ’

831 2623 1001 2710 φιλοτίμως

830 2748 885 2811 τὸν
909 2746 1006 2809 αὐτὸν
1029 2743 1134 2809 τοίνυν
1156 2745 1275 2830 τρόπον

832 2890 922 2952 κατὰ
945 2886 1048 2952 πάντα
1071 2890 1131 2952 ὅσα

833 3023 986 3086 ἔπεπόκει
1008 3022 1096 3103 παρὰ
1117 3029 1173 3103 τῆς
1197 3019 1318 3102 ἀπάτης
1341 3016 1376 3084 Α

834 3125 995 3190 ἐπεπώκει
1016 3125 1104 3208 παρὰ
1126 3133 1181 3208 τῆς
1205 3122 1327 3207 ἀπάτης
1362 3116 1427 3189 VL

877 3223 1130 3298 BRDWPCK

832 3376 876 3433 τῶ
900 3366 1016 3450 πρώτω
1040 3362 1200 3451 περιβόλω

837 3512 915 3595 ἔφην
939 3507 981 3585 ὡς
1004 3506 1068 3590 ἐγὼ
1092 3501 1228 3588 μάλιστα
1250 3501 1287 3570 Α

835 3634 913 3717 ἔφην
937 3628 980 3706 ὡς
1004 3629 1106 3712 ἔγωγε
1129 3623 1266 3710 μάλιστα
1279 3618 1429 3691 VRDW

877 3730 939 3803 PC

836 3855 914 3939 ἔφην
938 3853 1041 3936 ἔγωγε
1064 3849 1200 3937 μάλιστα
1223 3843 1255 3914 Β

835 3977 913 4061 ἔφην
936 3973 992 4037 καὶ
1015 3973 1117 4059 ἔγωγε
1139 3967 1296 4034 κάλλιστα
1319 3963 1350 4034 L

837 4166 915 4249 ἔφην
938 4148 994 4226 {tal
1015 4162 1118 4247 ἔγωγε
1131 4108 1297 4224 ίόιςοίλλιυτα
1320 4155 1350 4226 l²

838 4287 880 4364 ὡς
904 4286 1040 4372 μάλιστα
1063 4285 1140 4368 ἔφην
1165 4283 1266 4367 ἔγωγε
1289 4279 1326 4350 Κ

839 4427 918 4510 πρὸς

839 4567 875 4629 τό
899 4562 1022 4650 ὑψηλὸν
1046 4563 1153 4628 ἐκεῖνο
