3120 5040
669 442 882 514 ..43-

173 653 181 660 ·
254 627 296 692 ΙΙ.
330 627 418 692 Turn
447 623 549 688 elium
585 642 729 707 eumque
750 623 896 687 melioris
917 623 1048 705 generis
1070 623 1217 687 codicem
1239 623 1272 687 in
1294 610 1397 688 mani·

317 729 388 794 'bus
411 727 541 806 habuit,
575 745 675 809 quem
697 721 733 794 A
753 726 855 789 luisse
877 726 1058 789 verisimile
1080 729 1144 810 est,
1176 745 1252 790 cum
1275 729 1397 792 mirum

324 832 359 896 iu
392 831 528 895 modum
562 829 715 894 deficiant
746 830 928 911 scripturae
959 829 1107 894 eiusdem
1136 831 1345 916 integritatis,
1377 852 1398 896 a

326 953 392 1020 quo
414 935 520 1016 capite
543 934 663 998 desinit
685 931 729 1001 A.

239 1037 296 1104 ΠΙ.
329 1040 446 1122 Itaque
467 1057 532 1102 non
553 1039 699 1103 melioris
721 1040 850 1122 generis
872 1039 1066 1122 exemplari,
1089 1037 1175 1121 quod
1192 1041 1297 1102 totum
1310 1056 1397 1102 com·

324 1143 528 1226 plectebatur
541 1142 702 1221 libellum,
725 1145 879 1225 nauseet,
901 1141 968 1219 sed,
991 1159 1091 1224 quem
1109 1146 1240 1223 praeter
1254 1135 1320 1211 AO
1343 1141 1398 1205 ad-
1496 1212 1500 1220 ,

326 1248 434 1312 hibuit
455 1247 602 1311 codicem
625 1265 794 1330 quemque
816 1245 914 1310 hodie
935 1247 1135 1331 ignoramus,
1156 1246 1184 1309 is
1206 1246 1336 1310 videtur
1347 1263 1398 1311 co·

270 1347 272 1351 ’
328 1352 394 1435 dici
414 1345 448 1418 V
472 1351 573 1414 luisse
594 1352 790 1415 simillimus.

174 1499 178 1507 -
241 1457 298 1522 IV.
330 1456 505 1521 Nonnullis
527 1454 669 1538 denique
691 1456 771 1520 locis
794 1451 919 1522 cumM
941 1455 1062 1518 mirum
1085 1458 1246 1538 quantum
1264 1452 1399 1520 *consen-

328 1555 388 1623 tiat
409 1578 484 1623 cum
507 1553 610 1643 BD¹)‚
633 1559 796 1623 sidentur
819 1561 852 1623 hi
874 1578 946 1625 esse
968 1560 1125 1641 excerpti,
1146 1560 1208 1623 nisi
1230 1560 1264 1623 in
1287 1559 1400 1625 codice

326 1662 385 1726 illo
406 1664 515 1745 ignoto
538 1662 657 1726 eadem
680 1663 843 1728 exstitisse
865 1664 971 1729 verba
994 1666 1157 1745 putamus.

173 1808 176 1812 -
257 1767 295 1832 V.
327 1768 506 1831 Praeterea
533 1771 644 1831 autem
678 1765 832 1831 videntur
854 1767 1026 1833 hominum
1049 1765 1221 1832 doctorum
1245 1769 1400 1833 ernenda-

327 1871 430 1936 tiones
453 1871 604 1935 codicum
625 1871 792 1952 scripturis
816 1891 888 1936 esse
909 1873 1043 1955 mixtae,
1065 1873 1128 1935 nisi
1146 1874 1254 1955 potius
1266 1875 1399 1937 tertium

328 1975 497 2039 Meibomii
528 1975 676 2038 codicem
710 1993 781 2039 esse
812 1979 996 2039 correctum
1040 1977 1083 2038 ab
1117 1977 1250 2041 homine
1285 1978 1398 2061 aliquo

328 2079 461 2160 linguae
481 2097 624 2163 graesae
646 2079 751 2160 perito
773 2078 992 2144 statuendum.

259 2181 357 2247 Unde
381 2178 520 2245 eflicitur
541 2182 678 2245 minime
698 2183 866 2264 seripturis
888 2184 1103 2248 aMeibomio
1121 2187 1284 2267 excerptis
1300 2185 1398 2250 tidem

158 2303 230 2349 esse
251 2284 446 2368 habendam,
470 2304 546 2349 cum
567 2287 600 2349 in
623 2287 732 2368 priore
754 2286 861 2351 libelli
883 2291 977 2369 parte
999 2288 1084 2352 adsit
1095 2289 1166 2370 ipse
1177 2289 1282 2352 codex
1299 2285 1343 2372 A,
1365 2291 1398 2353 in

158 2382 339 2472 pusteriore
360 2384 412 2472 V,
450 2391 561 2453 multis
584 2394 755 2472 praeterea
777 2391 877 2468 locis,
911 2390 1030 2473 quibus
1053 2389 1152 2455 valde
1173 2391 1330 2456 differunt
1352 2395 1397 2456 in-

159 2498 208 2558 ter
229 2512 266 2557 se
287 2495 407 2578 reliqui
429 2494 577 2578 codices,
610 2494 702 2557 nulla
733 2513 754 2556 a
775 2494 952 2559 Meibomio
975 2494 1131 2558 adnotata
1152 2497 1194 2559 sit
1215 2498 1398 2578 scripturae

159 2598 385 2680 discrepantia
453 2598 666 2681 Quamquam
699 2615 762 2661 non
797 2616 929 2679 prorsus
952 2601 1030 2679 puto
1053 2615 1109 2660 eas
1132 2617 1204 2663 esse
1226 2600 1400 2681 neglegen-

156 2703 223 2781 das,
246 2703 324 2788 sed,
356 2705 550 2808 priusquam
585 2701 739 2767 eoodice
761 2703 831 2784 ipso
854 2706 1003 2784 reperto,
1040 2721 1128 2784 quae
1152 2704 1185 2765 in
1209 2721 1248 2767 eo
1272 2707 1401 2767 exstent

124 2855 125 2858 ¹
156 2808 294 2888 scripta,
329 2807 557 2892 cognoscendi·
578 2807 716 2871 facultas
739 2812 789 2870 est
811 2807 905 2889 iacta,
927 2807 1010 2869 sicut
1035 2807 1206 2870 hominum
1229 2807 1400 2871 doctorum

156 2911 437 2976 emendationibus
458 2912 499 2975 iis
521 2911 607 2975 licet·
620 2913 683 2990 uti,
717 2909 897 2975 dummodo
931 2911 1012 2973 nihil
1047 2911 1179 2975 omnino
1208 2930 1266 2974 eas
1288 2903 1401 2974 valere

156 3013 198 3076 ad
220 3008 349 3079 codices
365 3016 594 3081 aestimandos
616 3019 797 3083 teneamus.
827 3078 830 3082 .

260 3115 436 3194 Quomodo
458 3124 571 3184 autem
593 3121 717 3183 factum
739 3121 802 3196 sit,
837 3123 872 3182 ut
889 3120 1109 3200 complurium
1132 3118 1280 3183 codicum
1304 3120 1402 3201 scrip·
1430 3147 1434 3157 ·

155 3227 259 3300 turae,
292 3223 418 3287 mixtos
440 3224 541 3286 etiam
563 3225 701 3288 fortasse
723 3224 892 3287 hominum
915 3223 1086 3287 doctorum
1110 3223 1403 3308 emendationibus,

155 3329 326 3408 tamquam
349 3327 445 3390 unius
468 3330 575 3391 essem
583 3368 595 3410 ,
628 3328 661 3390 in
683 3328 854 3391 Meibomii
877 3327 1019 3391 editione
1040 3328 1271 3409 proferrentur,
1305 3327 1402 3390 facila

156 3429 190 3492 id
212 3446 252 3493 eo
274 3433 380 3510 potest
400 3429 495 3495 reddi
517 3432 698 3516 probabile,
725 3432 814 3514 quod
836 3432 1034 3496 Meibomius
1056 3450 1121 3496 non
1142 3433 1213 3514 ipse
1235 3430 1278 3493 ad
1302 3432 1401 3493 linem
1423 3438 1426 3445 '

157 3531 312 3614 perduxit
332 3541 414 3616 opus
435 3536 621 3619 inceptum,
642 3556 744 3620 quam
766 3538 863 3601 facile
885 3540 1007 3620 autem,
1028 3538 1056 3600 si
1072 3537 1207 3599 alterius
1223 3554 1303 3597 cura
1319 3552 1401 3615 opus

156 3636 292 3720 aliquod
303 3640 479 3726 conficitur,
502 3641 715 3723 admittantur
735 3660 872 3720 errores,
890 3659 954 3704 non
966 3645 1023 3720 est,
1040 3639 1129 3723 quod
1140 3635 1401 3716 demonstrem2).

261 3983 283 4053 l]
312 3982 387 4034 lvt
417 3985 468 4037 οὐκ
485 3986 519 4036 ἂν
538 3987 675 4053 φθονοίης.
713 3983 813 4036 vl113
840 3987 913 4039 ταῦτ’
931 3987 978 4038 οῦν
997 3988 1059 4053 ἔφη.
1096 3981 1195 4034 XIX?
1227 3984 1294 4049 πρὸς
1311 3967 1401 4049 tarpio

156 4071 249 4136 brison.
285 4069 361 4121 XXV
382 4070 398 4121 2
416 4072 543 4138 ipsiorum
562 4075 647 4125 οὐδὲν.
684 4069 789 4123 XXXII
807 4072 823 4123 5
843 4075 993 4126 ἀπόλλυται
1010 4077 1112 4136 κακῶς.
1130 4100 1166 4110 -
1194 4069 1401 4122 Χ1καίσκο-

155 4160 239 4209 τεινόν
263 4159 361 4210 οὐκοῦν
388 4163 436 4212 καὶ
453 4167 580 4226 γυναῖκες
599 4175 694 4211 omnes
713 4159 793 4213 codd.
830 4159 910 4212 Meib.
929 4161 999 4230 (not.
1017 4175 1042 4227 p.
1060 4158 1114 4229 30.)
1143 4157 1305 4226 proposuit:
1339 4173 1402 4209 σκο-

155 4245 256 4312 servom
276 4246 337 4310 ὁρῶ.
366 4247 471 4298 οὐκοῦν.
507 4246 548 4301 Β
567 4261 602 4296 m.
620 4243 655 4298 ΙΙ.
674 4245 736 4298 add.
755 4250 817 4312 ὁρῶ.

263 4329 285 4399 Ι)
334 4330 440 4384 Eodem
476 4332 510 4384 de
542 4347 623 4383 causa
658 4331 766 4399 aliquot
798 4332 866 4386 locis
905 4347 961 4384 non
1000 4338 1079 4382 verus
1114 4330 1214 4382 codicis
1249 4331 1400 4398 scripturas

155 4415 292 4485 exhiberi,
310 4432 373 4469 cum
391 4419 525 4470 erraverit
544 4416 694 4487 Relandus,
713 4422 800 4486 possis
818 4419 958 4488 suspicari.
977 4419 1008 4471 cs.
1027 4417 1051 4468 X
1070 4417 1086 4467 3
1104 4419 1121 4484 ἠ
1141 4420 1170 4470 ot
1188 4417 1302 4483 ἀδελφὴ.
1329 4413 1367 4465 VI
1386 4414 1402 4465 3

155 4504 173 4571 ἡ
193 4505 318 4570 ἀλήθεια.
337 4502 363 4554 X
381 4504 397 4555 1
417 4507 551 4560 σκοπινὸν
570 4507 653 4573 μάλα,
671 4510 703 4557 ut
721 4507 775 4559 alia
793 4508 936 4576 omittam,
956 4506 1018 4557 aliis
1038 4504 1207 4573 typographi
1226 4504 1344 4555 fortasse
1362 4518 1403 4554 er-

156 4603 233 4642 rores
250 4592 368 4642 exstant.
