3120 5040
630 1291 829 1418 amau
864 1293 923 1418 i.

527 1522 578 1593 ut
599 1519 848 1595 teutrannus
872 1520 1032 1593 Latinis.

263 1750 398 1811 Praeter
411 1747 533 1812 Odaxii
544 1751 729 1813 versionem
740 1749 885 1831 latinam,
901 1767 1002 1830 qnam
1017 1765 1118 1828 supra
1133 1749 1400 1826 commemoravi,

160 1853 241 1915 duas
273 1854 372 1915 etiam
403 1852 604 1933 deprehendi
633 1852 799 1931 codicibus
829 1871 903 1916 mss.
930 1853 1022 1917 nobis
1046 1857 1203 1916 servatas.
1249 1851 1398 1934 Quarum

160 1959 346 2019 versionum
376 1955 480 2018 altera
510 1960 617 2018 exstat
650 1957 683 2017 in
713 1956 825 2018 codice
856 1956 1076 2020 bibliothecae
1105 1956 1336 2020 Norfolcianae
1365 1959 1400 2020 in

159 2061 296 2140 collegio
321 2059 552 2123 Greshamensi
586 2045 672 2140 apud
697 2059 880 2122 Londiuum
909 2057 1016 2142 sit0¹)3
1050 2058 1092 2122 de
1118 2078 1186 2142 qua
1219 2079 1294 2122 cum
1316 2061 1398 2123 nihil

159 2165 277 2226 certius
308 2165 527 2244 cognoverim,
550 2163 701 2226 retulisse
725 2182 800 2226 eam
821 2164 899 2225 satis
923 2163 1039 2226 habea.
1083 2163 1199 2226 Altera
1216 2164 1399 2227 continetur

159 2266 270 2330 codice
292 2268 479 2329 Monacensi
502 2268 556 2330 iat.
589 2267 661 2330 924.
685 2268 795 2351 chart,
829 2267 886 2348 qui
913 2285 941 2330 a.
965 2265 1049 2328 1497
1073 2268 1211 2348 scriptus
1234 2286 1306 2331 esse
1328 2287 1399 2349 per·

160 2369 324 2452 hiberna),
347 2371 366 2433 f.
389 2371 566 2435 129-143.
612 2371 811 2451 Priusquam
827 2374 940 2432 autem
956 2369 997 2434 de
1013 2373 1074 2434 hac
1090 2372 1274 2434 accuratius
1291 2390 1398 2452 agam,

160 2493 224 2556 quo
247 2475 358 2538 codice
382 2473 533 2538 videatur
556 2494 633 2536 usus
656 2492 727 2537 esse
750 2471 909 2552 Odaxius‚
933 2490 1105 2555 exponam.

261 2576 428 2661 Exiguum
451 2579 530 2641 sane
553 2577 681 2655 codicis,
704 2594 805 2660 quem
827 2582 904 2641 nota
919 2573 948 2644 0
965 2577 1107 2661 distinxi,
1129 2579 1304 2658 vestigium
1326 2579 1399 2660 ipsa

159 2684 254 2745 huius
269 2684 427 2746 versionis
444 2681 542 2746 editio
559 2678 738 2763 princeps³)
762 2684 912 2765 exbibet3
935 2683 1076 2765 legimus
1099 2684 1187 2746 enim
1209 2683 1243 2745 in
1265 2683 1286 2744 f.
1308 2668 1351 2745 dt
1365 2683 1398 2745 in

158 2788 305 2867 margine
337 2789 431 2850 haec:
462 2786 604 2850 Graecas
633 2785 729 2850 codes:
751 2785 840 2849 babet
863 2785 974 2870 θυριον
999 2806 1110 2870 μικρον
1134 2785 1216 2871 qaod
1238 2785 1399 2870 siyaificat

155 2889 327 2954 bestiolam.
357 2892 384 2953 si
413 2910 485 2954 aero
509 2887 758 2974 utaperiamus
782 2898 862 2955 recte
894 2898 945 2954 est.
969 2891 1118 2956 bestiola:
1145 2891 1240 2956 lector
1259 2891 1398 2972 pensita.

105 3080 110 3087 ι
155 2996 192 3059 In
216 2999 308 3057 textu
332 2999 459 3056 exstant
483 2994 644 3057 vocabula
666 2994 762 3058 aelati
778 2993 956 3079 bestiolam
987 2997 1148 3077 pertinent
1170 2997 1284 3058 autem
1306 2993 1349 3058 ad
1372 3014 1398 3059 c.

1309 3096 1323 3132 ὓ

155 3151 189 3214 Χ
215 3151 240 3227 l,
265 3151 321 3213 ubi
343 3147 454 3232 θύριον
479 3149 532 3211 vel
543 3145 655 3231 θυρίον
679 3149 800 3212 habent
817 3145 958 3233 ALBP,
980 3148 1093 3236 θηρίον
1111 3146 1262 3230 VRDK,
1284 3147 1397 3234 θηρίον

157 3249 243 3321 OW.
275 3253 339 3317 Sed
352 3255 412 3317 hoc
424 3254 495 3317 loeo
506 3253 575 3316 solo
587 3254 729 3315 innisum
741 3254 892 3317 nonlicet
904 3254 945 3318 de
961 3254 1080 3319 codicis
1096 3255 1223 3318 ratione
1240 3253 1395 3344 iudicare.

155 3357 274 3440 Neque
307 3357 340 3419 in
377 3357 515 3439 epistola
552 3355 595 3419 ad
631 3357 899 3421 Bartholomeum
937 3359 1153 3432 Blanchinum
1187 3377 1208 3421 a
1244 3358 1396 3439 Phiiippo

157 3460 317 3523 Beroaldc
345 3459 481 3524 editioni
509 3461 691 3541 praemissa
720 3461 815 3542 plura
844 3461 885 3526 de
909 3461 1032 3527 Odaxii
1054 3462 1166 3526 codice
1187 3460 1398 3542 traduntur⁴].

298 3741 309 3775 b

262 3828 283 3897 ¹]
303 3826 359 3880 Cat.
371 3827 433 3878 libr.
447 3843 508 3879 mss.
522 3829 640 3897 Angliae
653 3834 679 3882 et
691 3830 847 3882 Hiberniae.
860 3830 993 3883 Oxoniae.
1006 3827 1128 3882 1697.11.
1141 3828 1214 3881 Libr.
1227 3842 1289 3880 mss.
1302 3828 1394 3881 eccles.

157 3914 303 3967 cathedral.
315 3931 338 3983 p.
347 3913 387 3966 BL
398 3931 436 3966 nr.
446 3914 527 3966 3204:
549 3918 643 3970 Cebetis
655 3919 770 3970 chbaai
781 3918 882 3971 Tabala
888 3937 937 3984 per
948 3919 1099 3985 Philippeos
1111 3918 1257 3968 dibericam
1266 3919 1397 3982 traducta,

159 4005 320 4055 Carminibus
334 4005 410 4054 cimai
429 4011 452 4053 et
464 4003 575 4054 Pictoris
584 4006 763 4070 pulcherrimis
778 4013 897 4058 contexta
916 4009 952 4058 ad
963 4006 1105 4056 Hearicam
1124 4004 1184 4055 VII.
1203 4000 1398 4073 [1485-1509]

157 4089 267 4154 Aeoliae
285 4091 378 4154 Reqem
396 4091 521 4140 dedicata.

264 4173 287 4243 ²)
306 4173 363 4227 cat.
388 4173 465 4226 eona.
489 4174 534 4224 un
558 4173 624 4226 uni
649 4192 704 4244 reg.
728 4175 831 4227 nonar.
856 4175 875 4227 1.
900 4191 925 4244 p.
949 4175 968 4229 1.
993 4175 1146 4245 p.159.-
1170 4175 1251 4229 nuno
1276 4177 1399 4230 codicem
1426 4156 1429 4161 ⁴

156 4261 217 4328 ipsc
236 4261 339 4311 contuli
359 4262 411 4313 hoc
429 4276 501 4312 anno
521 4259 693 4330 Virceburgi.

260 4347 285 4415 ³)
305 4345 375 4398 Usus
393 4365 455 4399 sum
474 4347 627 4415 exemplari
651 4350 680 4400 in
698 4350 765 4403 bibl.
784 4351 859 4403 univ.
878 4351 949 4419 Lips.
968 4354 1077 4405 servata
1096 4366 1118 4403 a.
1137 4349 1206 4404 1877
1226 4349 1398 4419 Virceburgi.

261 4431 284 4500 ⁴)
302 4472 308 4484 .
327 4471 333 4484 .
352 4471 357 4485 .
379 4438 450 4497 Quas
468 4439 498 4487 ab
515 4455 555 4488 res
573 4454 630 4488 cam
647 4440 794 4504 nuperrime
812 4441 946 4506 acerbiores
958 4441 1058 4506 aliquot
1070 4459 1102 4491 ea·
1113 4443 1165 4492 sita
1179 4443 1302 4507 prelacrco
1313 4447 1399 4491 crates

157 4522 320 4572 correctorem
344 4523 390 4571 tibi
413 4539 454 4573 eas
477 4525 637 4588 potissimam
656 4526 774 4577 dedicavi
790 4534 814 4577 ct
830 4529 876 4577 cab
896 4534 940 4578 tao
959 4528 1130 4594 ariacapatim
1148 4528 1251 4578 aomina
1268 4527 1399 4592 impresso·

158 4609 228 4660 ribus
247 4611 404 4675 evalqaadoc
422 4612 497 4663 dedi:
515 4648 521 4662 .
542 4649 548 4662 .
566 4648 572 4661 .
590 4648 597 4661 .
615 4610 713 4677 Aqmea
733 4614 804 4664 dacii
824 4613 979 4665 Censorinus
996 4650 1002 4664 .
1020 4650 1027 4665 .
1044 4650 1051 4666 .
1069 4631 1078 4665 .·
1097 4615 1217 4668 Secunde
1236 4615 1290 4665 ioco
1309 4619 1345 4664 est
1357 4614 1400 4665 Oe·
