3120 5040
708 445 920 509 ..58-

207 671 209 675 ,
264 618 326 684 'In
350 620 529 701 posteriore
556 619 655 701 igitur
679 617 783 692 libelli
806 622 899 699 parte
920 653 960 663 ·-
992 609 1035 680 ut⁸
1050 605 1255 682 revertamur
1277 619 1319 682 ad
1341 602 1426 684 codi-

208 721 314 791 rran
346 759 389 769 —
431 743 473 786 ex
496 723 650 786 omnibns
673 720 889 797 deterioribus
912 722 966 785 bic
987 722 1145 786 solus-est
1167 722 1371 787 adhibendus
1391 725 1427 788 iu

187 831 297 894 verbis
320 826 536 893 recensendis.
595 904 597 907 .

188 1076 192 1082 ,
234 988 237 992 ’
291 1001 449 1066 Omnium
473 1006 584 1065 autern
608 1000 757 1064 codicum
781 1021 855 1065 rnss.
877 1004 1035 1078 stenuna,
1070 1001 1158 1082 quod
1180 1001 1309 1079 dicunt,
1342 1005 1427 1081 posi-

186 1125 287 1190 quarn
312 1105 353 1169 de
377 1104 519 1179 editione
543 1105 689 1189 principe
712 1104 807 1168 etde
830 1106 1034 1169 versionibus
1056 1105 1228 1191 disputavi,
1262 1106 1426 1171 exhibebo
1517 1107 1520 1111 ’

187 1209 361 1305 depictum.

784 1557 853 1635 §'4.

281 1764 348 1820 De
366 1779 431 1834 ea,
452 1778 564 1831 quae
583 1763 699 1820 inter
717 1763 898 1819 codices
917 1762 956 1819 A
975 1764 1020 1818 et
1038 1760 1071 1818 V
1089 1762 1332 1836 intercedit,

715 1866 898 1922 ratione.

203 2080 206 2085 ·
291 2062 426 2145 Restat,
459 2065 495 2124 ut
529 2060 570 2124 de
606 2059 719 2125 codice
742 2058 777 2126 A
810 2063 841 2122 et
875 2061 983 2140 priore
1005 2059 1110 2123 libelli
1132 2063 1225 2141 parte
1247 2063 1431 2126 accuratius

189 2182 295 2244 agani.
341 2165 519 2228 Aratione
547 2166 573 2226 si
604 2165 855 2245 proficiscimur,
892 2182 1109 2246 quaecunque
1126 2199 1129 2205 >
1146 2159 1182 2230 A
1214 2165 1431 2232 deterioribus

189 2268 285 2347 plura
308 2269 445 2349 praebet
466 2269 591 2341 verba,
628 2268 787 2333 debemus.
810 2268 977 2348 recipere,
1012 2266 1144 2351 delere,
1177 2287 1264 2350 quae
1292 2271 1431 2350 ignorat.

190 2369 287 2452 Quod
320 2377 432 2435 autern
455 2368 659 2438 codicean
692 2373 840 2435 omnium
872 2371 1074 2434 deteriorum
1111 2389 1182 2434 esse
1214 2374 1433 2454 archetypum

189 2491 289 2554 supra
311 2475 446 2553 ostendi,
470 2476 522 2538 hic
544 2476 632 2538 solus
655 2476 749 2539 nobis
775 2480 824 2539 est
846 2493 905 2558 pro
928 2475 1087 2538 omnibus.
1133 2475 1234 2538 Plura
1265 2477 1366 2558 igitur
1398 2480 1433 2541 iu

189 2570 224 2645 A
249 2578 402 2660 leguntur
424 2577 525 2643 verba
547 2580 597 2641 his
621 2580 716 2642 locis:
1422 2602 1424 2607 ·

190 2891 248 2963 13
271 2891 327 2955 καὶ
350 2890 440 2956 ἔνδον
464 2890 499 2955 δὲ
838 2887 928 2953 ἔνδον
952 2888 988 2953 δὲ

190 2995 222 3059 II
246 2997 266 3060 3
289 2996 345 3058 ἅτε
369 2993 408 3079 δὴ
432 2994 488 3058 καὶ
510 2995 582 3078 περὶ
597 2994 713 3080 ταύτης
729 3004 785 3080 τῆς
840 2992 895 3056 καὶ
918 2993 990 3078 περὶ
1010 2991 1125 3078 ταύτης
1149 2991 1184 3056 δὲ
1205 3002 1259 3078 τῆς
1382 3013 1385 3021 ‘

190 3099 239 3162 III
262 3101 281 3162 1
306 3096 391 3163 ἀλλὰ
413 3099 500 3163 τουτὶ
522 3105 649 3182 πρῶτον
714 3180 716 3184 ⁴
840 3094 926 3160 ἀλλὰ
947 3097 1034 3162 τοοτί
1170 3155 1172 3158 ⁴

192 3203 222 3268 V
248 3204 265 3266 1
292 3201 367 3286 ὁρας
391 3204 446 3267 οὖν
470 3203 538 3266 εἰπε
838 3202 915 3285 ὁρᾶς
938 3202 1007 3264 εἷπε

196 3307 274 3371 VIII
298 3310 314 3370 1
341 3306 358 3369 d
383 3305 418 3369 δὲ
440 3314 501 3370 τῶν
525 3305 706 3390 ἀνθρώπων
729 3327 786 3371 πο·
839 3305 855 3368 ὁ
879 3303 914 3367 δὲ
937 3304 954 3368 ὁ
977 3303 1078 3380 πολὺς
1101 3302 1201 3388 ὄχλος
1219 3305 1310 3381 οὗτος
1328 3302 1434 3463 datpl

236 3409 292 3486 λὺς
315 3407 415 3494 ὄχλος
440 3411 532 3485 οὗτος
556 3409 578 3476 ο
597 3408 669 3491 περὶ
891 3463 893 3467 .

191 3522 272 3595 VIII
294 3523 316 3584 4
338 3518 502 3604 ἐκποτήσει
524 3517 730 3603 διαλέγεσθαι
839 3511 1053 3597 διαλεξόμεθα

192 3626 242 3688 IX
265 3623 325 3687 1
309 3644 351 3700 ως
375 3625 413 3688 ἂν
436 3622 492 3687 καὶ
514 3628 671 3706 γυναῖκας
840 3618 897 3680 καὶ
917 3626 1073 3702 γυναῖκας

192 3730 243 3793 IX
266 3731 285 3792 2
308 3710 387 3811 ἡδύν
410 3724 522 3789 τεκαὶ
546 3725 665 3788 ἄπονον
730 3792 732 3798 A
838 3720 918 3806 ἡδύν
941 3722 996 3785 καὶ
1019 3722 1139 3785 ἄπονον
1237 3740 1239 3745 ·

193 3832 287 3894 ΙΧ4
317 3831 424 3892 ἕνεκεν
456 3825 577 3891 τούτων
600 3825 704 3891 πάντα
727 3830 788 3891 ὅσα
840 3828 948 3890 ἕνεκεν
971 3824 1092 3889 τούτων
1114 3827 1175 3888 ὅσα

193 3935 228 3997 Χ
249 3936 269 3996 3
300 3932 366 4016 μετ’
396 3931 494 3993 αὐτοῦ
518 3950 562 4004 τις
586 3927 669 4015 ἄλλη
694 3929 788 4014 ὁμοία
841 3932 920 4015 μετὰ
943 3936 1043 3992 ταῦτα
1063 3928 1109 4006 τίς
1133 3928 1226 4014 ὁμοία

194 4033 228 4100 Χ
250 4038 271 4100 3
293 4035 315 4120 ἡ
338 4034 374 4097 δὲ
397 4031 518 4117 ἀθυμία
530 4029 653 4116 ἀδελφὴ
666 4032 694 4096 δ’
706 4032 788 4097 ἔστιν
840 4033 861 4118 ἡ
885 4032 921 4096 δὲ
943 4029 1067 4116 ἀδελφὴ
1091 4033 1188 4096 αὐτοῦ
1212 4029 1334 4114 ἀθυμία

238 4140 317 4223 αὔτη
341 4139 440 4201 αὐτοῦ
1111 4132 1116 4139 ’
1381 4131 1383 4136 ’

195 4245 229 4308 X
249 4245 272 4305 4
295 4243 337 4319 εἰς
358 4243 413 4306 τον
437 4241 544 4324 ἕτερον
568 4240 656 4304 οἶκον
842 4239 885 4316 εἰς
908 4239 1015 4323 ἕτερον
1039 4239 1148 4302 οἰκον.

196 4347 229 4408 X
250 4345 273 4407 4
295 4345 332 4408 ἂν
357 4346 398 4428 μὴ
421 4342 610 4428 ἡμετοὶνοια
627 4344 789 4407 antonno
842 4344 880 4405 ἂν
903 4345 945 4426 μὴ
969 4341 990 4426 ἡ
1014 4342 1162 4426 μετάνοια
1186 4344 1272 4408 αὐτῶ
1296 4342 1359 4406 ἀπὸ
1381 4349 1444 4426 τῆς.

239 4447 321 4532 τύχη
366 4446 403 4509 ἐκ
431 4445 646 4531 προαιρέσεως
681 4467 791 4510 συναν-
885 4445 984 4530 τύχης
1008 4443 1185 4530 συναντήοη

241 4549 365 4634 τήσασα
