3120 5040
722 450 927 512 ..18-

192 623 234 683 in
257 621 369 684 codice
391 618 434 698 A,
458 621 516 702 qui
538 622 620 689 haec
643 621 742 684 habet
768 624 886 685 verba:
908 621 964 684 uod
987 619 1081 685 πίωσι
1101 625 1157 699 τὰς
1180 622 1299 687 τούτων
1319 623 1443 706 καθαρ-

200 725 290 799 rina<
313 723 458 808 δυνάμεις
482 722 583 785 εἶτα
606 724 714 786 ὅταν
737 724 1019 808 καθαρθῶσι
1041 725 1096 788 καὶ
1120 724 1288 812 ἐκβάλωσι.

306 830 484 893 Vocabulis
521 826 587 889 εἶτα
625 828 700 891 ὅταν
737 827 931 912 ααθαρθῶσι
952 833 1107 919 ⁴receptis
1155 833 1243 911 prior
1288 851 1361 912 pars
1398 835 1444 894 ila

201 935 382 997 secernitur
411 952 432 995 a
465 933 657 1012 posteriore,
692 937 727 994 ut
750 952 770 995 a
792 933 955 995 vocabulo
985 931 1051 995 εἶτα
1074 935 1158 996 baec
1180 936 1287 1014 capiat
1309 937 1444 1016 initium,

201 1039 330 1100 liniatur
353 1037 410 1099 illa
431 1036 600 1098 vocabulis
622 1035 678 1109 τὰς
700 1033 820 1097 τούτων
843 1034 1043 1117 ιιαθαρτιιιὰς
1067 1034 1229 1118 δυνάμεις;
1254 1039 1365 1119 itaque
1388 1057 1443 1117 op-

201 1143 280 1203 time
306 1139 453 1221 procedit
483 1140 595 1202 oratio
632 1138 726 1200 Adde
757 1139 845 1227 qpod
868 1140 972 1202 libelli
995 1141 1093 1203 nostri
1117 1146 1229 1204 auctor
1251 1144 1445 1222 saepissime

200 1244 362 1307 vocabulo
387 1241 453 1304 εἶτα
476 1244 577 1304 utitur
600 1246 632 1304 et
651 1260 698 1318 ca,
722 1261 809 1323 quae
831 1243 929 1306 modo
952 1243 1044 1322 dixit,
1066 1244 1182 1311 iisdem
1206 1246 1259 1307 vel
1283 1247 1444 1308 similibus

200 1349 284 1412 solet
306 1350 456 1427 repetere
486 1343 695 1424 vocabulis').

304 1451 451 1513 Efficitur
473 1454 585 1512 autem
608 1453 676 1511 tota
698 1447 759 1511 hae
781 1453 1064 1531 argumentatione
1087 1454 1250 1515 vocabula
1278 1452 1344 1515 εἶτα
1368 1453 1443 1515 ὅταν

201 1551 394 1635 καθαρθῶσι
416 1571 480 1616 non
502 1571 597 1634 posse
620 1571 683 1614 non
715 1558 803 1616 stare
834 1556 894 1617 hoc
911 1534 1091 1637 loco‚⁴oum
1112 1558 1243 1618 omniuo
1262 1560 1444 1619 616166666-

200 1659 288 1720 saria
309 1657 350 1719 ad
375 1657 479 1719 verba
500 1661 590 1719 recte
613 1656 847 1721 constiluenda.
899 1656 994 1740 Quae
1017 1678 1090 1720 cum
1114 1661 1160 1721 lta
1182 1661 1253 1742 sint,
1276 1662 1440 1722 nemmem

201 1767 279 1842 puto
303 1760 462 1837 dubitare,
486 1762 565 1843 quin
587 1760 722 1823 secundi
745 1762 875 1841 generis
899 1762 1027 1824 codices
1049 1764 1142 1844 sequi
1167 1780 1230 1825 non
1254 1764 1442 1840 debeamus¹

201 1867 325 1947 quippe
356 1865 414 1946 qui
444 1864 608 1928 vocabula
638 1866 803 1941 omittant,
845 1866 964 1946 quibus
993 1867 1120 1928 omissis
1144 1871 1211 1928 Iota
1237 1868 1444 1947 perturbatur

201 1965 314 2031 oratio.
1330 1990 1331 1993 ¹

305 2072 369 2136 Sed
398 2076 518 2154 restat,
553 2077 607 2154 ut,
643 2072 807 2153 quomodo
843 2073 1006 2152 potuerint
1030 2074 1223 2138 intercidere
1247 2071 1327 2137 liaeo
1352 2092 1443 2137 voea-

202 2178 296 2260 bula,
331 2176 479 2240 doceam.
533 2173 634 2238 Cuius
673 2177 722 2236 rei
755 2174 889 2237 idoneas
923 2161 1043 2238 afferre
1076 2195 1191 2240 causas
1230 2177 1362 2240 difficile
1388 2186 1443 2261 est,

200 2279 281 2359 mihi
296 2281 440 2362 quidem,
459 2284 494 2342 ut
506 2280 693 2359 reperirem,
717 2279 939 2359 6666666611.-
962 2277 1097 2363 'I'amen7
1121 2283 1181 2342 etsi
1204 2283 1264 2344 hoc
1287 2284 1441 2366 interpre-

201 2386 241 2446 tis
265 2401 402 2447 munere
424 2400 489 2446 non
511 2382 745 2463 sumlunctus,
766 2382 799 2442 in
818 2381 929 2444 codice
940 2379 984 2458 A,
1008 2385 1065 2465 qui
1087 2386 1264 2465 integriora
1287 2387 1442 2449 exhibeat

204 2489 350 2554 auctoris
373 2487 485 2568 verba,
509 2487 640 2549 omniuo
662 2484 756 2548 nobis
780 2485 1028 2548 fundamentum
1045 2505 1117 2550 esse
1131 2488 1318 2568 ponendum
1339 2495 1443 2577 artem

202 2576 349 2665 criticam
371 2591 573 2668 IactItaturis‚
597 2588 684 2670 quod
706 2588 744 2650 Η.
758 2584 893 2668 Sauppe
916 2588 988 2650 aliis
1010 2590 1089 2651 locis
1112 2591 1263 2670 probavil
1286 2593 1331 2671 (p.
1357 2594 1443 2671 772),

199 2697 410 2776 perspicuum
422 2696 493 2772 erit,
517 2694 676 2773 imprimis
688 2710 762 2752 eum
775 2692 927 2774 reliquos,
941 2709 1023 2772 quos
1036 2694 1138 2768 attuli,
1158 2693 1247 2755 locos
1259 2695 1444 2758 considera·

198 2801 293 2863 veris.
327 2798 491 2880 Equibus
506 2799 543 2880 is,
564 2815 663 2878 quem
686 2795 829 2874 primum
855 2795 1001 2878 exhibui,
1024 2795 1189 2858 levIssimo
1214 2797 1362 2870 remedio
1386 2817 1440 2880 po-

197 2907 260 2966 test
292 2903 420 2978 sanari,
454 2901 502 2963 ita
535 2904 571 2960 ut
592 2900 712 2961 inserto
735 2901 807 2978 post
829 2899 1028 2962 vocabulum
1051 2896 1223 2983 φαινομένη
1247 2906 1440 2982 pronomiue

197 3005 219 3088 ἣ
242 3008 333 3087 legas
355 3005 376 3088 ἢ
401 2997 456 3066 καὶ
478 3002 511 3067 ἐν
534 3010 573 3085 τῇ
598 2999 680 3085 χειρὶ
703 2999 772 3085 ἔχει
794 3002 847 3064 ν61
870 3001 979 3066 (161616
1002 3003 1163 3066 vocabulo
1185 3002 1241 3064 καὶ
1270 3040 1312 3048 -
1349 3007 1441 3066 euius

198 3109 428 3190 compendium
450 3108 533 3170 salso
557 3123 615 3186 pro
637 3103 659 3186 ἥ
683 3106 811 3185 putavit
833 3109 964 3179 exstare
986 3106 1140 3170 librarius
1163 3104 1328 3188 quidam²)
1351 3142 1393 3150 —
1415 3105 1435 3188 11

198 3209 230 3274 ἐν
252 3220 291 3294 τῇ
315 3210 396 3295 χειρὶ
419 3211 494 3295 ἔχει,
518 3208 607 3292 quod
629 3209 668 3270 H.
681 3208 814 3290 Sauppe
836 3209 1004 3289 proposuit
1026 3210 1071 3290 (p.
1092 3211 1179 3288 775).
1214 3210 1264 3271 Ita
1286 3227 1361 3271 cum
1384 3229 1436 3271 res

196 3334 232 3378 se
255 3315 383 3392 lrabeat,
406 3313 447 3377 de
457 3314 578 3395 plurali
591 3329 728 3376 numero
751 3311 806 3385 τὰς
818 3309 938 3374 τούτων
953 3309 1152 3395 καθαρτικὰς
1166 3309 1313 3395 δυνάμεις
1341 3314 1441 3395 plura

196 3418 319 3481 addere
332 3417 539 3501 supersedeo,
562 3417 757 3497 praesertim
780 3433 854 3477 curn
878 3415 920 3478 de
942 3416 1004 3478 hae
1026 3434 1062 3478 re
1085 3417 1151 3477 iam
1171 3416 1208 3479 H.
1221 3417 1354 3500 Sauppe
1376 3417 1455 3479 dis·'

195 3523 359 3603 putaverIt
382 3520 425 3604 (p.
450 3522 536 3600 773).
713 3510 715 3515 ¹

299 3881 320 3950 ¹)
339 3879 405 3931 XIX
424 3879 440 3929 1
463 3883 535 3944 ὅπως
552 3884 612 3944 τοὺς
629 3885 878 3948 παραγενομένους,
903 3885 971 3949 ἔφη,
995 3883 1131 3952 θεραπεὺῃ
1151 3888 1197 3937 καὶ
1213 3885 1307 3949 ποτίζῃ
1326 3885 1373 3951 τὴν
1391 3902 1441 3937 κα·

193 3969 321 4036 θαρτιιιὴν
340 3972 456 4034 δὺνοιμιν.
491 3968 541 4018 εἷθ’
560 3972 621 4020 ὅταν
641 3969 830 4034 καθαρθῶσιν,
855 3971 937 4031 οὕτως
962 3971 1057 4033 αὖτοὺς
1084 3973 1183 4036 εἰσάγει
1207 3967 1318 4037 [εἰσάγῃ
1345 3973 1441 4033 αὐτοὺς

195 4055 304 4123 Sauppe
323 4053 425 4123 [poro
445 4053 497 4121 sq.)
518 4055 575 4104 eod.
594 4055 774 4120 Asconius,
806 4056 855 4121 qui
873 4055 986 4122 praebet
1005 4060 1104 4124 εἰσάγει
1125 4054 1231 4123 αὐτοὺς]
1257 4085 1298 4107 -.
1325 4055 1437 4107 171εῐ

192 4141 269 4192 ταῦθ’
288 4143 370 4204 οὕτως
384 4143 447 4206 ἔχει.
484 4142 545 4192 ἀλλ’
563 4143 639 4207 ἔστιν,
658 4144 721 4208 ἔφη,
741 4143 824 4204 οὕτως
843 4145 948 4208 ἔχοντα,
984 4141 1058 4193 173
1076 4143 1198 4207 δεικνύει,
1217 4146 1294 4194 ποίαν
1314 4146 1376 4195 ὁδον
1395 4144 1439 4194 αὑ-

192 4229 254 4289 τοὺς
272 4229 311 4278 δεῖ
329 4229 440 4292 βαδίζειν
467 4256 510 4278 -.
548 4232 626 4279 ποίαν
645 4229 691 4279 οῦν
711 4230 773 4279 ὁδὸν
792 4230 898 4281 κελεύει
917 4232 1029 4294 βαδίζειν
1050 4230 1155 4296 inoffi
1187 4228 1219 4279 cf.
1244 4227 1267 4279 V
1294 4227 1317 4281 3.
1348 4227 1387 4278 71
1416 4227 1439 4277 2.

194 4311 302 4380 71111,
321 4312 343 4364 2.
362 4312 387 4362 X
400 4313 423 4363 4.
442 4311 521 4363 XXV
541 4312 564 4364 3.
583 4312 702 4363 XXVIII
722 4313 744 4364 1.
763 4312 883 4364 XXXIII
900 4314 917 4365 4
934 4345 970 4355 -
998 4330 1032 4366 ne
1051 4314 1140 4365 didam
1159 4313 1193 4365 de
1210 4315 1352 4367 vocabulis
1370 4318 1435 4380 ὁρᾷς

192 4429 228 4438 -
252 4402 319 4465 ὁρῶ,
345 4403 423 4466 ὁρᾶτε
447 4430 482 4439 -
507 4404 609 4467 ορῶμεν
634 4401 792 4467 saepissime
816 4400 930 4454 iteratis.
959 4431 995 4442 —
1024 4406 1081 4453 alra
1110 4401 1248 4468 reperitur
1279 4401 1323 4452 his
1353 4401 1437 4452 etiam

192 4484 273 4537 locis:
292 4484 330 4535 71
349 4485 372 4538 2.
390 4486 415 4536 X
435 4485 459 4538 4.
480 4485 519 4536 XI
537 4487 560 4555 17
579 4485 602 4536 2.
621 4484 688 4536 XVI
704 4484 729 4554 3,
746 4484 770 4536 4.
791 4484 855 4537 XIX
875 4489 898 4539 1.
917 4486 1008 4538 XXIX
1028 4486 1052 4537 4.
1071 4485 1176 4537 XXXII
1198 4487 1222 4540 4.

298 4571 322 4645 ²)
340 4572 407 4624 Bast
426 4577 572 4624 comment.
590 4571 730 4640 palaeogr.
748 4587 773 4640 p.
791 4571 842 4623 716
862 4588 901 4641 sq.
921 4572 980 4624 815.
