3120 5040
671 445 887 514 ..54-

155 617 349 681 ΧΧΧΙΙΙύ
378 615 461 702 ἡμᾶς
489 616 544 680 κοιί
567 617 670 682 οιύτύνν
693 619 749 701 τὴν
803 617 886 703 ἡμᾶς
934 617 991 680 καὶ
1035 619 1149 695 αὐτούς
1197 618 1253 700 τὴν
1291 615 1398 702 φύνην

201 719 308 806 φωνην
324 717 439 786 εἰδέναι
455 719 678 808 ἀκριβέστερον
690 723 752 808 γαρ
849 720 1074 810 ἀκριβεστέραν
1098 722 1182 808 έχειν
1206 724 1243 788 ἄν
1265 745 1294 788 τι
1307 723 1400 808 συνή-

201 825 239 889 άν
262 846 291 890 τι
314 823 513 910 συνήκοιμεν
850 846 951 911 καμεν
1218 887 1220 891 .

157 930 309 994 XXXIII
332 931 352 992 6
374 926 494 992 κωλύει
516 928 669 1014 γενέσθαι
807 926 947 993 κωλύσει
968 928 1120 1015 γενέσθαι

157 1034 306 1099 XXXIV
337 1034 355 1096 1
394 1031 529 1117 πύτερον
573 1031 649 1096 ούδὲ
678 1052 755 1117 προ-
809 1034 944 1174 πότερον
969 1034 1060 1149 οὐδὲν
1084 1033 1277 1123 προέχουσιν
1383 1029 1385 1033 ’

203 1135 333 1222 έχουσιν

157 1243 312 1309 XXXIV
330 1243 350 1307 3
374 1239 489 1306 εἰδέναι
512 1239 755 1326 γράμματα-
809 1240 923 1307 εἰδέναι
946 1240 1001 1328 μέν
1024 1241 1258 1347 γράμματοι-
1285 1242 1400 1329 ὁμοίως

201 1344 317 1431 ὁμοίως
340 1344 376 1410 δὲ
851 1345 887 1409 δὲ
1441 1417 1454 1422 .,

157 1450 331 1516 XXXVI
366 1449 422 1514 κοιί
456 1448 485 1514 τέ
518 1457 612 1515 τούτο
637 1447 758 1534 ιὀφελεϊ
807 1450 863 1513 καί
892 1448 920 1514 τύ
942 1457 1035 1515 τούτο
1061 1433 1181 1535 ὠφελεῖ
1201 1450 1316 1527 αὐτούς
1341 1450 1400 1537 έφη

201 1555 318 1631 αύτούς
343 1554 421 1640 ἔφην

158 1659 291 1726 XXXV
313 1661 332 1722 2
358 1658 421 1743 άροι
444 1658 472 1722 εἰ
494 1620 727 1744 εύκινητύτεροι
808 1660 870 1743 ἄρα
891 1660 912 1745 ἢ
936 1657 1154 1742 άκινητύτεροι

844 1763 921 1847 [άροι
943 1761 1161 1847 άκινητύτεροι
1183 1765 1290 1842 Dros]

158 1866 333 1932 XXXV3
365 1872 432 1943 πῶς
462 1871 556 1930 τούτο
588 1865 666 1957 ἔφην
690 1864 753 1950 ἐγὼ
806 1874 874 1944 πως
905 1866 982 1952 έφην
1012 1873 1105 1930 τοῦτο
1137 1866 1200 1951 ἐγὼ
1232 1869 1280 1932 ὅτι
1302 1867 1335 1933 έν
1358 1875 1400 1932 τύ

127 2008 128 2011 =
202 1970 249 2034 ύτι
280 1968 309 2032 οἱ
332 1969 364 2034 έν
386 1976 431 2034 τω
455 1969 571 2054 πρώτω
593 1966 753 2056 περιβάλω
850 1969 965 2053 πρώτω
977 1968 1147 2137 ἐπεριβάλω
1164 1971 1190 2035 εἰ
1207 1970 1303 2057 μηδὲν
1271 1969 1401 2035 ένάλλο

202 2073 230 2136 εἰ
252 2071 349 2159 μηδὲν
372 2071 455 2138 ἄλλο
800 2067 992 2159 Ι[έφηνέ
992 2075 1039 2158 γὼ
1074 2082 1167 2138 τούτο
1203 2076 1249 2138 ύτι
1281 2073 1310 2155 οἱ
1344 2075 1400 2159 μέν

906 2176 1000 2240 -οἱ
1012 2177 1047 2242 δέ
1059 2177 1091 2242 έν
1104 2185 1148 2263 τῷ
1164 2175 1301 2262 δευτέρω
1314 2197 1400 2262 περι-

159 2231 291 2347 XXXV
314 2284 334 2345 5
357 2223 510 2366 ύφελοςε
498 2237 570 2364 υμιν
595 2281 682 2347 έστοιι
807 2176 923 2365 ύφελος
946 2281 1034 2345 ἔσται
1117 2280 1174 2370 [βύ
1158 2281 1223 2366 ύλῳ
1247 2281 1274 2345 εἰ
1296 2284 1402 2362 Dros.]

808 2385 909 2466 [ἔσται
932 2384 1003 2470 ύμῖν
1026 2382 1063 2453 Μ
1084 2386 1225 2492 Dros3]

158 2489 308 2554 XXXVI
341 2493 360 2554 1
394 2489 430 2552 το
462 2487 610 2554 εύδοκεῖν
643 2511 687 2555 m
713 2491 754 2557 II
806 2490 842 2552 τὸ
866 2487 1006 2568 εὐδοξεῖν

202 2612 284 2659 corr.
307 2591 486 2679 εὐδοκιμεῖν
586 2594 594 2614 ”

158 2697 307 2761 XXXVI
330 2700 348 2761 1
382 2697 439 2761 καὶ
467 2699 528 2761 ὅσοι
549 2695 672 2774 τούτοις
696 2718 754 2761 ποι-
807 2697 923 2761 καὶτὰ
947 2662 1044 2763 λοιπὰ
1068 2702 1128 2764 ὅσα
1150 2700 1273 2780 τούτοις
1301 2723 1403 2787 παροι-

201 2798 365 2884 ροιπλήσιοι
851 2799 972 2886 πλήσιοι

158 2901 175 2940 *
197 2904 347 2969 XXXVI
369 2906 389 2968 2
420 2901 504 2967 πάνυ
526 2905 590 2989 γάρ
613 2872 756 2988 ποιράδο-
808 2903 890 2969 πάνυ
912 2908 975 2991 γάρ
997 2907 1072 2992 ἡμῖν
1095 2907 1334 2993 παράδοξον-
1351 2907 1402 2972 δο-

202 3005 255 3084 ξον
278 3006 418 3092 ἡμῖν-
443 3005 537 3070 δοκεῖ
851 3018 905 3072 κεῖ

157 3113 341 3178 XXXVII
366 3115 425 3198 άγε
442 3111 546 3179 τοίνυν
570 3113 630 3201 ἔφη
655 3121 755 3199 πειρῶ
809 3113 867 3197 άγε
907 3113 1011 3180 τοίνυν
1053 3123 1152 3200 πειρῶ
1180 3115 1257 3201 ἔφη
1270 3111 1400 3197 ἀποκρύ

204 3214 444 3301 ἀποκρίνασθαι
609 3288 611 3290 ,
664 3256 665 3260 =
851 3216 970 3280 ναούοιι

158 3319 306 3386 XXXVI
328 3323 349 3385 3
372 3320 428 3386 ἐὰν
452 3329 563 3400 κακῶς
585 3343 630 3399 τις
653 3322 692 3408 ζη
808 3321 869 3384 κᾶν
894 3324 1005 3399 κακῶς
1028 3344 1072 3399 τις
1095 3323 1134 3408 ζη

158 3424 324 3490 XXXVII
357 3428 376 3489 1
420 3427 462 3510 μὴ
499 3426 554 3491 ούν
591 3425 756 3503 ἀπιθάνως
809 3426 852 3509 μὴ
877 3427 932 3490 ούν
957 3426 1122 3505 ἀπιθάνως
1151 3427 1226 3514 λέγε
1249 3427 1403 3491 ἀδύνατον

202 3524 277 3611 λέγε
300 3526 456 3594 ἀδύνατον
479 3531 515 3592 τύ
533 3531 757 3614 οιύτύπράγμοι
851 3530 914 3614 γὰρ
943 3531 979 3592 τύ
1010 3531 1087 3595 οιύτύ
1116 3541 1248 3616 πρᾶγμα
1271 3531 1326 3594 καὶ
1348 3551 1405 3593 κοι-

202 3632 306 3696 κοικὸν
333 3632 389 3695 κοιί
411 3633 537 3717 ἀγαθὸν
561 3635 640 3699 εἶναι
661 3643 756 3699 τούτο
852 3633 911 3696 κον
952 3633 1008 3695 καὶ
1049 3633 1176 3718 ἀγαθον
1210 3635 1288 3699 εἶναι
1322 3634 1406 3697 ούτω

202 3736 257 3820 μὲν
298 3737 360 3820 γάρ
402 3736 457 3800 κοιί
497 3737 657 3823 ὠφέλιμον
701 3738 757 3801 καὶ
853 3736 909 3821 μὲν
953 3739 1016 3820 γάρ
1061 3738 1116 3801 καὶ
1157 3735 1316 3822 ὠφέλιμον
1350 3737 1407 3800 καὶ

203 3837 360 3926 βλαβερὸν
398 3842 436 3905 ἂν
470 3842 517 3926 εἴη
548 3841 603 3905 καί
632 3841 757 3926 αἱρετὸν
831 3838 1009 3926 ’βλαβερὸν
1042 3843 1080 3907 ἂν
1115 3845 1162 3928 εἴη
1195 3840 1251 3903 καὶ
1281 3839 1406 3924 αἱρετὸν

201 3942 257 4006 κοιί
287 3945 424 4026 φευκτὸν
455 3946 491 4008 τὸ
523 3946 601 4008 οιύτὸ
623 3954 758 4030 πρᾶγμα
852 3944 908 4008 καὶ
930 3948 1069 4029 φευκτὸν
1092 3948 1158 4032 ἅμα
1181 3942 1230 4008 ἀεὶ

205 4046 255 4110 ἀεὶ
853 4053 998 4135 [πραγμοι
1015 4052 1082 4136 άμοι
1097 4049 1153 4113 καί
1173 4048 1277 4112 κακὸν
1298 4050 1405 4127 Dros.]
1439 4123 1440 4126 γ

159 4152 366 4219 XXXVIII
398 4150 484 4216 ἀλλὰ
514 4158 582 4227 πῶς
615 4151 690 4238 ούχί
720 4153 757 4216 τὸ
811 4152 897 4219 ἀλλὰ
922 4163 990 4232 πῶς
1022 4157 1082 4220 ούκ
1105 4154 1190 4218 εἰτὸ
1214 4159 1324 4229 κακῶς
1347 4151 1405 4236 ζην

202 4262 313 4332 κακῶς
343 4255 449 4340 ζῆν’
431 4276 456 4318 ω
482 4255 557 4319 ἂν
545 4254 675 4341 υπάρχη
699 4276 757 4319 κοι-
815 4259 880 4322 ύ
914 4261 952 4324 άν
976 4259 1106 4344 ύπάρχη
1129 4256 1233 4322 κακὸν
1256 4277 1285 4320 τι
1307 4254 1406 4340 ὑπάρ-

202 4357 261 4422 κύν
291 4379 320 4422 τι
353 4360 439 4423 οιύτύ
470 4357 608 4444 ύπάρχει
639 4360 757 4425 ούκούν
853 4382 904 4448 χει
937 4363 1022 4425 αὐτῶ
1057 4362 1160 4425 κακὸν
1184 4361 1262 4426 οιύτὸ
1285 4359 1321 4422 τὸ
1345 4357 1429 4443 ζην,

202 4465 230 4528 εἰ
272 4465 376 4530 κοικύν
415 4487 443 4530 τι
491 4465 630 4551 ὑπάρχει
668 4467 756 4532 οιύτύ
852 4465 937 4530 ἐστιν

202 4570 305 4636 κακὸν
329 4571 407 4636 κύτο
430 4572 466 4634 τὸ
489 4570 546 4656 ζῆν
570 4569 652 4634 ἐστιν
