3120 5040
259 2074 324 2159 Qui
352 2077 528 2140 novissime
551 2072 747 2140 Cebetis
776 2094 863 2157 quae
891 2075 994 2140 fertur
1024 2075 1174 2141 tabulam
1198 2075 1310 2166 edidit,
1333 2076 1395 2142 ΗΒ.

155 2181 372 2260 DROSIHN'),
391 2167 438 2256 in
469 2176 574 2262 praet
602 2200 631 2261 p.
654 2180 710 2244 III.
737 2180 778 2244 de
801 2181 897 2271 buius
920 2181 1024 2245 libelli
1046 2185 1157 2246 aetate
1179 2181 1245 2245 alio
1267 2182 1340 2247 loco
1362 2199 1399 2244 se

156 2284 396 2364 disputaturum
412 2285 567 2366 promisit.
601 2284 663 2347 Sed
680 2268 899 2371 praematura
914 2288 1019 2348 morte
1035 2283 1200 2370 abreptus,
1223 2287 1399 2368 quominus

156 2392 255 2451 staret
281 2390 465 2470 promissis,
495 2378 670 2468 impeditus
701 2392 757 2451 est.
802 2386 887 2452 Cum
914 2393 1025 2454 eutem
1049 2389 1155 2452 multa
1176 2390 1247 2452 iam
1268 2409 1402 2474 conges-

156 2494 249 2555 sisset
278 2492 319 2556 de
352 2494 415 2555 beo
447 2512 503 2577 re,
541 2491 657 2569 edidit,
693 2510 779 2573 quae
811 2493 844 2554 in
878 2492 1021 2556 defuncti
1049 2493 1178 2557 schedis
1200 2500 1405 2578 reppererat,

157 2594 374 2676 DIETLE1N2).
430 2593 505 2678 Qua
536 2597 570 2658 in
604 2614 640 2657 re
674 2597 735 2658 etsi
768 2599 859 2658 reeta
892 2596 1056 2676 ingressus
1093 2597 1149 2658 via
1183 2603 1323 2662 conatus
1358 2603 1407 2663 est

157 2701 298 2763 Drosilm
333 2718 396 2764 non
430 2718 525 2780 posse
556 2700 642 2762 hune
674 2698 825 2762 libellum
848 2696 964 2762 haberi
986 2717 1046 2780 pro
1069 2701 1213 2781 genuino
1238 2720 1260 2764 a
1282 2701 1408 2768 (lebete

158 2805 317 2867 Thebano
344 2805 522 2886 composito
552 2804 705 2885 probare,
740 2802 844 2866 multa
872 2807 984 2866 tamen
1013 2803 1151 2885 reliquit
1179 2803 1408 2890 disceptanda,

159 2908 263 2970 multa
284 2908 435 2970 incohata
457 2926 520 2971 non
544 2906 585 2970 ad
610 2909 707 2969 finem
730 2906 892 2988 perduxit.
931 2904 1081 2988 'Quodsi
1105 2911 1222 2971 autem
1247 2911 1286 2974 A.
1310 2912 1410 2975 Eber-

160 3010 240 3074 hard
274 3012 443 3090 (ssursians
476 3012 583 3074 Jtrrsb.
613 3012 705 3074 1873.
734 3010 775 3074 ΙΙ.
809 3029 839 3091 p.
872 3009 981 3092 1299.)
1018 3012 1155 3074 omniuo
1192 3030 1268 3076 esse
1302 3033 1412 3096 super·

160 3114 262 3176 lluum
295 3115 373 3177 dicit
405 3115 547 3194 amplius
576 3115 743 3196 inquirere
770 3107 1024 3191 inhonorem,
1059 3111 1144 3176 mibi
1179 3115 1320 3196 quidem
1350 3133 1414 3180 non

160 3220 340 3302 persuasit,
372 3218 431 3282 sed
453 3215 583 3282 omnino
606 3206 684 3300 puto
708 3217 815 3281 denuo
838 3217 932 3281 nobis
955 3216 1225 3298 aggrediendam
1250 3237 1415 3283 esse'rem

159 3323 273 3407 iisque,
295 3342 381 3406 quae
403 3323 610 3387 contulerunt
624 3323 765 3385 Drosilrn
792 3324 824 3383 et
846 3321 904 3402 qui
919 3321 950 3383 ei
967 3323 1232 3407 antecesserunt,
1249 3323 1416 3387 examina·

161 3425 201 3486 tis
225 3427 472 3507 exquirendam.

266 3977 287 4048 Ι)
319 3975 431 4030 ¹Cebetis
449 3975 551 4028 tabula.
586 3975 767 4042 Recognovit,
786 3970 930 4040 praefatus
945 3974 998 4038 est,
1019 3971 1162 4037 apparatu
1176 3966 1270 4016 critico
1282 3964 1423 4022 instruxit

162 4061 317 4114 Fridericus
334 4063 464 4117 Drosilrn.
483 4063 598 4130 Lipsiae.
617 4061 692 4113 1871.
723 4056 901 4110 Bibliotheca
914 4057 1014 4123 script.
1028 4057 1126 4108 Graec.
1145 4055 1173 4103 et
1186 4051 1265 4101 Rom.
1285 4048 1426 4103 Teubner.

104 4164 111 4171 ·
162 4148 238 4200 Hanc
257 4132 411 4203 ¹editionem
438 4157 505 4203 notu
522 4149 602 4201 Dros.
626 4164 642 4198 n
668 4164 712 4198 me
731 4146 900 4198 distinctam
928 4157 1046 4209 semper
1071 4142 1102 4190 in
1121 4137 1215 4189 verbis
1235 4135 1429 4186 exscribendis

163 4251 281 4304 respexr.

264 4357 288 4428 ²)
323 4357 375 4410 Die
388 4359 448 4412 Zeit
465 4360 513 4412 des
526 4360 630 4412 ΙΙΙΝΑΞ
648 4355 818 4408 ΚΕΒΗΤΟΣ.
856 4348 919 4400 Ans
939 4347 1000 4398 den
1017 4346 1156 4414 Papieren
1169 4341 1217 4392 des
1231 4341 1438 4399 verstorbeuen

163 4444 343 4496 Oberlehrers
369 4444 493 4498 Drosilm
519 4461 585 4497 vom
615 4443 764 4494 Prorcrtor
791 4435 924 4488 Dietlein.
970 4431 1164 4483 Neu-stettin.
1182 4425 1257 4477 1873.
1292 4425 1375 4492 Prgr.
1402 4464 1442 4476 ἢ

163 4532 195 4582 cf.
215 4530 337 4583 Jhrsbcr.
367 4531 412 4584 ub.
435 4532 461 4584 d.
480 4531 618 4584 Forlsclrr.
643 4530 668 4581 d.
688 4527 766 4578 class.
787 4520 1061 4575 Altcrtlrumswiss.
1086 4516 1150 4581 lrgg.
1168 4530 1192 4562 v.
1210 4511 1337 4562 Bur-sinu.
1363 4515 1450 4577 1873⁸

162 4616 182 4670 Ι.
202 4634 225 4686 p.
244 4617 295 4668 201
315 4633 354 4685 sq.
373 4615 408 4670 ll.
428 4633 451 4685 p,
471 4617 546 4668 1299.
1240 4693 1266 4738 x
