3120 5040
677 465 868 525 ..7.-

157 656 317 723 quaerere
352 639 539 719 neglegeret
569 637 876 718 Schweighaeuser,
910 637 1034 698 certam
1067 636 1167 716 igitur
1199 637 1396 701 emendandi

156 745 245 807 viam
268 759 332 805 non
355 743 500 818 haberet,
523 741 583 804 etsi
606 742 705 804 etiam
729 741 782 827 hic
803 739 963 821 imprimis
979 736 1015 806 M
1031 735 1141 806 etPa.
1164 743 1293 804 secutus
1309 740 1397 813 est¹l.

261 846 432 922 Restatis,
455 847 511 927 qui
533 845 711 908 novissime
734 842 835 906 edidit
857 841 1018 926 libellum,
1041 846 1101 910 Fls.
1122 845 1298 910 DROSIHN.
1330 844 1396 927 Qui

156 954 202 1014 ita
235 950 330 1032 sequi
353 949 700 1030 Schweighaeuserum
731 947 808 1010 satis
833 946 954 1031 habuit,
978 954 1013 1011 ut
1037 949 1213 1013 editionem
1235 952 1397 1030 apparatu

157 1055 265 1117 critico
277 1054 465 1115 instructam
489 1054 661 1114 curaturus
683 1068 747 1115 non
769 1049 876 1134 modo,
900 1071 978 1114 nurn
1000 1071 1037 1115 re
1060 1070 1141 1116 vera
1164 1057 1317 1116 accurate
1334 1054 1397 1116 sint

158 1158 285 1221 excussi
307 1155 471 1239 codicess
463 1155 630 1237 inquirere
652 1155 777 1218 aliosve
799 1155 1049 1237 circumspicere
1074 1189 1113 1203 -
1142 1156 1238 1221 Laur.
1261 1156 1396 1239 quidem

156 1263 226 1342 ipse
248 1263 485 1325 commemorat
507 1260 540 1320 in
562 1260 663 1340 praef.
684 1278 714 1339 p.
730 1258 848 1324 VI.-'-
809 1276 1004 1340 -prorsus
1027 1261 1225 1343 neglegeret,
1248 1261 1306 1324 sed
1329 1277 1396 1324 om·

156 1367 231 1428 nino
254 1364 296 1428 de
319 1381 432 1428 eornm
457 1362 663 1447 condicione,
695 1361 737 1426 de
770 1380 944 1427 consensus
977 1365 1031 1426 vel
1060 1363 1268 1428 dissensionis
1291 1365 1397 1428 causis

156 1470 383 1551 quaestionem
409 1469 578 1531 instituere
607 1465 873 1547 superselleret²).
928 1467 993 1531 Sed
1023 1487 1097 1530 curn
1125 1469 1204 1531 nihil
1227 1469 1304 1532 novi
1325 1485 1397 1550 pro·

156 1575 270 1650 ferret,
300 1574 384 1636 mira
406 1573 506 1635 etiam
529 1572 736 1654 neglegentia
758 1589 799 1634 ne
822 1589 878 1635 eas
901 1571 1045 1656 quidem,
1068 1590 1154 1654 quae
1176 1573 1210 1634 in
1232 1567 1398 1654 Schweig-

159 1675 308 1740 haeuseri
326 1680 358 1740 et
369 1677 538 1740 Meihomii
550 1675 745 1741 editionibus
768 1679 920 1739 enotatas
941 1680 1024 1758 sunt,
1047 1675 1198 1740 codicum
1220 1676 1397 1756 scripturas

157 1799 268 1844 omnes
291 1781 514 1862 transscripsit,
539 1780 700 1844 nonnullis
723 1783 834 1844 autem
849 1780 936 1844 vlocis
958 1798 1115 1862 perverse
1137 1780 1283 1844 exhibuit
1297 1784 1398 1843 trans-

156 1887 301 1966 scriptas.
375 1885 550 1949 Versiones
589 1884 689 1946 ctiam
729 1886 760 1946 et
798 1883 967 1948 arabicam
1006 1888 1038 1947 et
1074 1885 1210 1948 latinam
1249 1882 1399 1947 adhibuit

158 1988 347 2071 quaestione
370 1987 411 2051 dc
435 2005 549 2052 eornm
570 1988 695 2068 origine
718 2004 781 2049 non
803 1987 958 2065 instituta,
981 1989 1129 2069 priorum
1152 1991 1264 2050 autern
1287 1982 1397 2051 editio-

157 2114 233 2156 num
257 2112 379 2174 paucas
402 2092 483 2156 adiit
504 2092 662 2175 aliosque,
685 2092 717 2153 in
740 2092 860 2173 quibus
883 2091 925 2155 de
947 2089 1072 2156 Cebete
1095 2091 1272 2175 disseritur,
1295 2091 1396 2155 libros

157 2199 288 2262 omnino
311 2194 495 2279 neglexit³).
518 2195 603 2260 (lum
626 2200 737 2259 autem
760 2199 850 2259 certa
871 2196 905 2257 in
927 2194 1094 2259 codicibus
1106 2193 1301 2259 adhibendis
1312 2195 1396 2257 ratio

157 2302 293 2377 deesset,
315 2318 378 2363 non
402 2320 478 2364 eum
501 2301 613 2384 exiis,
636 2319 736 2383 quem
748 2300 848 2377 licuit,
871 2301 957 2382 cepit
978 2301 1135 2382 fruetum3
1157 2299 1240 2362 falso
1263 2297 1398 2380 quidem

157 2406 303 2469 codicem
331 2401 368 2471 Μ
401 2406 561 2485 optimum
595 2422 668 2467 esse
699 2407 789 2466 ratus
823 2405 934 2466 multis
967 2405 1046 2468 locis
1075 2423 1150 2469 eum
1180 2407 1312 2466 secutus
1342 2405 1398 2480 est,

158 2529 231 2572 cum
272 2511 346 2575 aliis
386 2508 588 2572 deteriorum
627 2505 776 2570 codicum
818 2506 975 2586 amplecti
1020 2507 1197 2588 scripturas
1238 2507 1400 2570 maluerit

159 2613 370 2697 Quamquam
401 2612 474 2675 aliis
504 2611 583 2674 loeis
613 2609 718 2674 verba
746 2627 823 2672 eum
856 2607 1065 2689 emendasse,
1099 2609 1172 2673 aliis
1203 2611 1401 2693 glossemata

159 2719 323 2782 detexisse
345 2734 409 2781 non
433 2718 489 2793 cst,
513 2715 601 2797 quod
624 2731 752 2797 negem.

259 2821 364 2884 Huius
393 2821 543 2884 editionis
572 2836 729 2882 censurae
759 2821 825 2882 tres
856 2819 908 2897 (ef.
929 2818 1085 2881 Bursians
1109 2818 1217 2883 Jhrsb.
1242 2818 1337 2883 1873.
1357 2818 1397 2881 11.

157 2944 187 3006 p.
213 2924 322 3003 1299.)
355 2926 439 2988 mihi
470 2926 699 3001 innotuerunt,
739 2942 880 3005 quarum
912 2920 1007 3000 una⁴)
1035 2922 1325 2985 vehementissime
1351 2939 1400 2984 re·

159 3027 371 3109 prehenditur
393 3027 525 3092 editoris
554 3027 779 3108 neglegentia;
813 3023 946 3105 alteral)
975 3029 1107 3107 praeter
1128 3024 1266 3089 laudem
1287 3024 1400 3088 editio

158 3133 207 3195 nis
242 3131 487 3196 emendationes
520 3130 696 3193 nonnullae
728 3133 968 3212 proponuntur,
1013 3127 1055 3192 de
1099 3128 1219 3210 quibus
1250 3128 1306 3191 hic
1335 3145 1401 3192 non

158 3241 207 3299 est
237 3236 329 3298 loeus
352 3233 549 3312 disserendi,
582 3231 710 3312 ternu)
733 3234 772 3298 H.
788 3230 939 3319 Sauppe,
972 3235 1148 3314 postquam
1177 3231 1220 3295 de
1250 3230 1401 3295 editionis

159 3342 284 3404 ratione
299 3341 422 3421 optime
437 3338 604 3417 iudicavit,
622 3357 698 3402 cum
713 3341 826 3421 paucis
841 3338 989 3403 codicem
1003 3333 1069 3404 Pa.
1082 3336 1219 3418 reliquis
1229 3338 1401 3416 praestare

160 3448 192 3507 et
208 3443 354 3506 codicem
369 3443 467 3507 Laur.
489 3443 531 3506 ad
555 3443 733 3508 deteriores
755 3444 919 3524 pertinere
942 3440 1064 3522 docuit,
1085 3445 1156 3505 tum
1178 3439 1401 3502 multoslooos

158 3549 230 3628 ipse
262 3545 467 3624 emendavit,
501 3549 548 3610 ita
580 3550 617 3609 ut
651 3564 694 3610 ex
718 3547 788 3610 eius
811 3563 949 3610 censura
969 3547 1044 3629 plus
1066 3543 1281 3610 emolumenh'
1300 3543 1402 3624 possit

160 3649 285 3713 hauriri
307 3649 416 3712 verbis
439 3649 652 3714 emendandis
674 3669 776 3733 quam
800 3668 842 3713 ex
864 3649 1019 3714 Drosihni
1038 3647 1192 3713 editione.

262 3753 440 3835 Reliquae,
473 3772 556 3836 quas
586 3755 748 3836 inspicere
780 3753 890 3835 licuit,
924 3752 1086 3817 editiones
1106 3754 1268 3834 apparatu
1287 3751 1401 3812 critico

160 3862 279 3939 carent,
314 3857 375 3920 etsi
408 3858 570 3920 nonnullis
598 3858 679 3922 loeis
713 3857 912 3921 eGrouovii
933 3858 989 3920 vel
1010 3855 1314 3938 oenwuglneusui
1333 3854 1402 3917 edi·

267 4167 288 4236 ¹]
323 4167 357 4218 cf.
374 4181 400 4234 p.
418 4163 458 4216 57.
477 4163 517 4216 70.
538 4163 579 4216 71.

267 4252 290 4322 ²]
325 4253 357 4304 cf.
375 4253 460 4321 praef.
477 4268 503 4321 p.
521 4250 568 4303 VI.

264 4340 289 4408 ³)
325 4337 366 4390 De
384 4339 428 4392 his
445 4339 525 4392 libris
542 4339 615 4390 infra
636 4353 723 4406 pauca
738 4338 885 4406 proferam.

266 4426 372 4496 ⁴)t
328 4426 378 4478 Lit.
397 4424 465 4478 Cant
467 4425 545 4478 ralbl.
565 4424 640 4477 1872.
659 4441 684 4494 p.
703 4424 760 4478 532.

267 4513 297 4583 ⁵}
327 4512 344 4564 l.
362 4512 378 4564 l.
397 4512 472 4565 1871.
490 4529 515 4581 p.
533 4511 602 4564 1110
621 4526 661 4580 sq.

268 4600 292 4670 ⁶]
329 4598 418 4651 Goett.
400 4599 486 4668 t.gel
506 4599 575 4651 Anz.
595 4599 671 4652 1872.
689 4615 714 4668 p.
733 4596 784 4651 769
800 4613 859 4667 sqq.
873 4596 1028 4671 [Sunt]
