3120 5040
688 419 869 482 ..3-

158 593 299 657 tionibus
322 593 470 657 codicum
493 591 860 676 scripturasexhibent.
905 589 1071 672 Equitius
1105 590 1159 668 (ci.
1182 590 1275 654 Deos,
1296 590 1397 669 praet.

157 716 189 778 p.
213 696 298 778 VII.)
321 699 383 761 hae
405 696 567 787 imprimis
590 700 664 758 sunt
686 693 924 759 nominandae:

260 799 401 893 Laciani
413 802 643 868 samosatensis
655 801 809 886 colloquia
821 800 932 866 sciccta
946 808 973 866 et
990 801 1112 865 Timon.
1125 800 1241 866 Cebetis
1259 799 1398 863 Thebani

161 901 293 968 Tabula.
339 901 512 970 Menandri
544 904 723 971 Sententiae
755 905 900 970 Morates.
925 985 926 988 Ἴ
955 905 1076 969 Graece
1102 912 1131 969 et
1158 904 1282 969 Latine.
1331 902 1398 967 Cot-

159 1006 265 1092 toqnia
288 1007 428 1074 Luciani
451 1017 479 1074 et
505 1009 666 1074 Timonem
690 1008 783 1074 Notis
808 1008 982 1073 illustranti
1007 1008 1151 1073 Tiberius
1174 1007 1398 1073 Hemsterhuis·

159 1111 414 1203 Amstctuedami.
436 1112 534 1196 Apud
562 1112 752 1190 Wetstenios,
780 1115 872 1178 1708.
900 1180 903 1187 ,

262 1215 357 1298 Quas
379 1217 479 1280 editio
501 1252 544 1264 -
567 1216 726 1282 Cebetem
750 1217 822 1301 dico
845 1253 886 1298 e
918 1217 1127 1282 adnotatione
1150 1218 1280 1281 omnino
1303 1221 1399 1280 caret.

263 1319 378 1385 Cebetis
402 1319 542 1386 Thebani
568 1320 701 1387 Tabala.
725 1321 831 1405 Opera
855 1321 992 1402 Thomas
1013 1322 1166 1406 Johnson,
1187 1321 1229 1386 bt
1252 1321 1290 1386 A.
1314 1319 1398 1385 Lon·

158 1420 237 1485 dini.
260 1422 416 1508 Impensis
438 1424 601 1490 Aetheris.
624 1425 717 1508 1720.
1455 1423 1456 1427 ’

260 1524 368 1589 Editio
398 1529 632 1592 commentario
659 1530 828 1607 instructa,
860 1531 893 1592 in
924 1549 989 1613 quo
1016 1531 1139 1615 optime
1169 1529 1211 1592 de
1236 1528 1399 1609 rionnultis

158 1626 238 1690 locis
260 1626 437 1712 disputavit
460 1638 582 1696 auctor.
993 1683 996 1688 .

262 1733 612 1816 Schweighaeuserum
633 1753 767 1818 prorsus
789 1741 919 1800 secutus
942 1741 990 1800 est
1029 1771 1066 1818 f
1103 1735 1191 1818 quod
1222 1737 1292 1816 ipse
1321 1734 1399 1798 dicit

158 1836 191 1898 in
213 1838 393 1918 precipe
426 1874 468 1884 --
481 1838 730 1905 ADAMANTIUS
744 1838 889 1918 CORAIS,
913 1840 970 1922 qui
992 1840 1141 1904 tabulam
1163 1838 1398 1901 commentario
1482 1881 1484 1884 -

157 1940 310 2003 instruxit
331 1961 450 2022 graece
472 1943 662 2026 conscripto,
685 1960 704 2005 e
727 1961 792 2027 quo
816 1943 928 2005 multis
950 1944 984 2005 in
1006 1943 1086 2006 locis
1108 1961 1264 2022 magnum
1289 1944 1398 2022 capias

158 2043 308 2106 fructum.
352 2044 451 2108 Liber
473 2050 586 2108 autem
608 2047 655 2108 aa
677 2047 881 2109 inscribitur:
904 2043 1097 2127 Ἐπικτήτου
1121 2028 1318 2128 ἐγχειρίδιον,
1337 2043 1398 2107 Kt-

158 2142 252 2228 βητος
268 2143 369 2227 πίναξ,
392 2144 582 2223 Κλεάνθους
600 2149 706 2231 ὕμνος,
729 2146 878 2224 ἐκδόντος
901 2147 957 2210 καὶ
973 2145 1207 2229 διορθώσαντος
1231 2145 1270 2210 Α.
1287 2145 1326 2209 Κ.
1344 2145 1397 2211 Ἐν

158 2243 330 2332 Παρισίοις.
355 2250 576 2318 nicotrum.
600 2289 642 2298 -
665 2249 853 2337 (Παρὲγρων
880 2249 1047 2337 ἑλληνικῆς
1072 2247 1279 2337 βιβλιοθήκης
1301 2250 1398 2335 τόμος

159 2349 233 2415 ἕδο
259 2374 303 2417 ο.

165 2350 194 2445 ’β
235 2358 427 2522 μΙιςι)1ιιιίιιι
461 2464 493 2523 et
515 2459 819 2543 Schweighaeuseri
842 2459 984 2523 editione
1016 2459 1126 2522 nititur
1150 2459 1210 2523 Fls.
1234 2459 1398 2543 DUBNER,

158 2559 215 2642 qui
238 2559 414 2625 editionem
437 2565 564 2627 curavit
585 2565 654 2627 sine
676 2566 773 2627 notis:

263 2663 470 2748 Theophrasti
493 2666 697 2744 characteres,
721 2665 827 2729 Marci
851 2665 984 2728 Antonii
1008 2666 1237 2754 commentarii,
1261 2664 1398 2749 Epicteti

157 2765 419 2836 dissertationes.
453 2819 461 2834 .
494 2819 520 2854 .,
555 2770 669 2836 Cebetis
703 2769 819 2846 tabula,
855 2766 993 2832 Macimi
1031 2768 1122 2854 Tyrii
1155 2769 1397 2834 dissertationes.

44 2869 48 2873 ’
158 2870 278 2935 Graece
308 2879 337 2935 et
370 2873 468 2938 detine
495 2895 564 2938 cum
597 2873 764 2937 indicibus.
819 2872 1026 2960 Theophrasti
1056 2874 1251 2938 characteres
1273 2873 1343 2936 XV
1369 2880 1396 2936 et

158 2975 335 3040 Maximam
360 2978 493 3062 Tprinm
515 3025 522 3041 .
545 3027 552 3044 .
578 3024 586 3042 .
608 2978 782 3043 emendavit
806 2977 899 3042 Fred.
923 2976 1062 3042 Dtibner.
1085 2977 1232 3042 Parisiis.
1267 2976 1397 3040 Editore

157 3078 197 3142 A.
220 3079 257 3143 F.
280 3079 391 3148 Didot.
436 3084 532 3148 1840.
1260 3149 1263 3153 .

260 3185 287 3247 Ε
315 3185 621 3270 Schweighaeuseri
640 3187 795 3250 'editione
828 3183 928 3250 etiam
951 3187 989 3251 Α.
1012 3187 1138 3252 KNOLL
1161 3203 1274 3266 suam,
1308 3198 1395 3263 quaa

157 3288 240 3351 notis
263 3294 367 3374 caret,
389 3293 516 3356 curavit
537 3290 760 3356 recudendam
783 3326 824 3337 -
848 3290 936 3374 quod
958 3293 1029 3372 ipse
1051 3291 1170 3353 fatetur
1191 3286 1292 3366 praei.
1314 3305 1344 3366 p.
1367 3287 1395 3348 5.

160 3425 198 3438 -
233 3394 280 3456 ita
309 3399 419 3457 tamen
447 3400 483 3458 nt
505 3397 588 3460 XIX
612 3395 629 3458 l
653 3393 837 3478 φιλόθοινος
859 3397 1034 3476 reciperet,
1068 3389 1155 3474 quod
1178 3388 1291 3454 Oorais
1324 3408 1395 3471 pro-

158 3498 280 3578 posuit:
1096 3573 1099 3579 ²

259 3601 360 3666 ches
393 3601 446 3666 des
471 3602 649 3668 Thebancrs
672 3602 831 3668 Cctndtde.
878 3602 946 3666 For
977 3601 1036 3664 den
1059 3597 1310 3684 Schntpebranch
1339 3597 1395 3660 mit

158 3707 256 3770 ciuem
285 3705 632 3773 Wbrteroerzcichaisse
653 3706 807 3771 oersehen.
852 3705 1005 3798 Rottmeit.
1027 3705 1122 3770 1840.
1168 3704 1265 3788 Prpr.

261 3808 369 3891 Quam
402 3812 554 3875 libellum
587 3810 694 3876 debeo
726 3812 795 3873 viro
819 3809 1054 3873 humanissimo
1076 3809 1199 3886 Lercb,
1233 3808 1396 3888 gymnasii

157 3913 322 3976 biottweil.
345 3917 472 3978 rectori.

260 4018 473 4099 Perspicuum
496 4021 595 4100 igitur
618 4020 679 4083 erit
701 4036 741 4080 ex
762 4020 811 4099 iis,
833 4037 919 4100 qirae
942 4020 1090 4102 exposui,
1112 4017 1325 4080 omninoesse
1342 4031 1395 4076 ne·

157 4125 335 4188 cessarium
357 4123 399 4186 de
420 4124 588 4201 omnibns,
622 4124 680 4205 qui
704 4123 812 4187 adhuc
834 4122 973 4185 adhibiti
995 4127 1083 4206 sunt,
1106 4120 1271 4184 codicibus
1293 4136 1332 4180 ac
1355 4116 1396 4179 de

158 4230 361 4292 versionibus
395 4233 547 4292 accurate
579 4228 747 4291 instituere
780 4229 1025 4310 quaestionem,
1060 4231 1095 4288 ut
1117 4244 1138 4287 a
1160 4227 1250 4286 certa
1271 4223 1396 4286 ratione

156 4334 317 4414 proticisci
338 4333 435 4395 liceat
456 4334 489 4395 in
513 4331 622 4394 verbis
644 4330 866 4409 emendandis,
888 4351 928 4394 ac
950 4332 1093 4413 primum
1112 4326 1245 4410 quidem
1258 4325 1300 4389 de
1311 4322 1396 4389 codi-

157 4436 249 4500 cibus
273 4456 419 4518 agamus.

674 4603 796 4622 ΛΜΛΛΛΛΛᾸ
800 4603 878 4620 mmmm
