3120 5040
671 435 877 500 ..32-

156 614 320 681 XXXVII
344 615 362 676 2
386 619 453 688 πῶς
477 612 537 674 οὐκ
561 609 588 673 εἰ
803 616 870 685 πῶς
895 608 968 693 οὐχὶ
991 603 1206 677 VBRDWP

803 726 870 794 πῶς
895 717 922 780 εἰ
945 715 981 785 Κ
1267 715 1270 719 ’

156 821 336 886 XXXVIII
358 823 380 883 4
403 820 478 883 ὅταν
500 817 521 902 ἡ
544 815 724 901 περίστασις
803 822 879 885 ὅταν
901 821 923 904 ἦ
945 819 1127 904 περίστασις

155 925 306 989 XXXIX
327 922 347 986 3
370 931 432 985 τοῦ
456 921 492 984 δὲ
516 920 533 984 ὁ
556 918 694 997 πλοῦτος
803 923 877 988 οὐδὲ
901 923 918 986 ὁ
943 922 1081 1000 πλοῦτος
1108 920 1324 993 VBRDWP

801 1035 864 1091 τοῦ
888 1027 906 1091 ὁ
929 1026 1068 1105 πλοῦτος
1092 1025 1127 1094 Κ

156 1134 214 1196 XL
225 1135 242 1196 'l
264 1130 460 1217 ἀσεβέστατα
471 1127 527 1191 καὶ
538 1130 578 1190 τὰ
590 1126 749 1191 δοκοῦντα
802 1130 998 1218 ἀσεβέστατα
1021 1131 1135 1194 καὶτὰ
1159 1130 1355 1216 αἰσχρὸτατα

845 1235 1002 1301 δοκοῦντα
1024 1232 1240 1305 VBRDWP
1307 1275 1319 1311 Ι

802 1339 997 1427 ἀσεβέστατα
1021 1339 1179 1406 δοκοῦντα
1201 1341 1238 1412 Κ

259 1565 405 1632 (loniciat
426 1567 525 1647 igitur
549 1565 686 1627 fortasse
707 1561 827 1643 aliquis
852 1554 1042 1625 codicemC
1064 1578 1083 1622 e
1105 1561 1233 1624 duobus
1248 1563 1396 1628 codicum

110 1675 114 1683 '
156 1673 330 1755 generibus
352 1672 399 1733 ita
421 1688 493 1733 esse
515 1670 675 1751 mixtum,
709 1672 745 1728 ut
777 1668 810 1727 in
844 1665 950 1727 altera
985 1665 1088 1728 libelli
1120 1670 1214 1746 porte
1244 1667 1397 1732 librarius

156 1777 293 1840 meliore
318 1793 393 1837 usus
417 1784 488 1836 esse
510 1772 709 1853 exemplari,
742 1771 812 1832 sive
835 1769 1003 1832 Meibomii
1026 1769 1096 1830 sive
1119 1770 1201 1852 alio,
1236 1773 1397 1852 putandus

97 1932 100 1938 .
155 1881 212 1958 sit,
232 1878 316 1941 ¹tum
349 1878 522 1959 opinemur
545 1894 677 1939 neccsse
699 1878 747 1937 est
769 1875 906 1954 carptim
930 1871 1119 1935 adhibuisse
1143 1873 1332 1956 librarium,
1366 1885 1398 1941 et

157 2002 254 2065 quem
279 1985 368 2064 prius
392 1982 625 2062 exscripserat,
654 1983 687 2042 et
711 1995 811 2060 quem
835 1994 908 2039 sero
931 1981 1044 2039 nactus
1067 1981 1152 2053 erat,
1187 1979 1333 2045 codicem
1357 2003 1397 2047 ac

157 2087 379 2163 correctiones
402 2105 484 2168 quas
507 2084 613 2158 attuli,
636 2101 749 2147 omnes
772 2086 839 2144 tam
862 2082 979 2162 prioris
1002 2100 1101 2162 quam
1119 2086 1306 2163 posterioris
1325 2107 1397 2169 par·

156 2192 196 2253 tis
219 2190 261 2253 ab
284 2190 350 2252 allo
373 2207 479 2270 eoque
502 2189 683 2251 recentiore
705 2186 849 2268 librario,
883 2188 934 2246 cui
957 2184 1046 2247 idem
1069 2188 1244 2267 exemplar
1266 2197 1395 2270 praesto

157 2299 260 2379 esset,
292 2293 420 2357 additas
443 2312 521 2357 esse.
566 2290 662 2374 Quod
685 2293 732 2353 ita
753 2290 876 2352 recedit
898 2307 919 2351 a
941 2291 1088 2367 veritate,
1112 2296 1147 2353 ui
1169 2311 1210 2354 ne
1232 2296 1302 2357 veri
1326 2298 1396 2378 qui-

157 2397 233 2460 dem
256 2398 297 2459 sit
318 2397 436 2461 simile.
459 2395 595 2460 Codices
617 2389 931 2462 VLBRDWPCK
954 2395 1041 2457 enim
1067 2428 1105 2440 —
1131 2395 1219 2476 quod
1241 2399 1326 2461 infra
1348 2419 1397 2463 er·

156 2502 318 2582 gumentis
341 2501 488 2582 probabo
504 2519 612 2582 -per
635 2505 740 2565 totum
762 2501 913 2564 libellum
935 2500 982 2561 ita
1003 2499 1086 2561 inter
1109 2517 1144 2561 se
1167 2499 1329 2581 differunt,
1364 2509 1398 2568 ut

158 2600 210 2683 V,
243 2623 387 2687 quocum
409 2605 605 2686 plerumque
627 2605 703 2667 fecit
726 2600 777 2688 L,
810 2604 956 2667 omnium
980 2601 1132 2665 videatur
1155 2620 1226 2665 esse
1248 2608 1397 2690 archety-

157 2729 227 2792 an,
250 2709 369 2790 reliqui
390 2713 499 2771 autem
522 2709 556 2770 in
579 2707 660 2770 duas
683 2707 882 2772 dividendae
904 2707 967 2768 sint
990 2706 1153 2788 familias,
1187 2725 1329 2788 quarum
1351 2714 1397 2775 al·

157 2821 228 2878 tera
250 2808 406 2890 BRDW,
429 2813 535 2875 altera
555 2805 620 2878 CK
643 2815 855 2888 continentur,
887 2829 960 2873 cum
985 2805 1015 2874 P
1040 2828 1143 2890 usque
1165 2810 1209 2873 ad
1231 2831 1258 2875 c.
1281 2815 1398 2880 XXXI

157 2919 258 2981 saciat
289 2937 364 2982 cum
400 2918 468 2995 bis,
502 2916 621 2979 deinde
654 2936 730 2979 cum
753 2912 910 2983 BRDW.
955 2910 1129 2996 Vigitur,
1162 2917 1251 2998 qnod
1287 2922 1398 2983 multis

159 3023 238 3085 locis
261 3027 309 3087 est
332 3022 576 3098 demonstrare,
610 3023 761 3101 proxime
784 3022 910 3086 accedit
932 3021 973 3085 od
997 3018 1040 3099 A,
1070 3039 1175 3104 quare
1205 3016 1234 3087 Ο
1255 3023 1396 3087 similem

159 3127 190 3189 ei
214 3145 285 3189 esse
308 3129 492 3208 oporteret,
525 3125 554 3188 si
587 3143 605 3188 e
635 3128 781 3191 melioris
804 3129 932 3210 generis
956 3128 1141 3208 exemplari
1164 3129 1196 3190 in
1219 3127 1397 3208 posteriorc

159 3230 295 3312 quidem
328 3235 422 3312 parte
454 3233 539 3294 esset
573 3228 770 3315 descriptus,
802 3231 861 3295 sed
893 3233 1016 3294 mirum
1049 3237 1210 3313 quantum
1242 3230 1399 3294 recedunt

159 3329 223 3401 CK
246 3353 309 3397 non
331 3335 437 3398 solum
460 3353 481 3396 a
502 3329 667 3418 BRDW,
682 3335 738 3398 scd
764 3337 864 3398 etiam
887 3355 907 3399 a
930 3331 1007 3402 Vb.
1067 3336 1105 3399 In
1128 3353 1167 3398 eo
1190 3336 1289 3417 igitur
1311 3339 1400 3397 stare

159 3439 318 3503 debemus
340 3437 486 3502 codicem
509 3433 538 3505 G
571 3457 594 3501 a
625 3439 731 3520 primo
753 3439 796 3502 ad
819 3440 974 3502 ultimum
998 3459 1103 3523 usque
1124 3446 1223 3520 caput
1245 3438 1287 3503 ad
1311 3440 1398 3504 idem

159 3562 261 3625 genus
284 3542 456 3624 periinere.

265 3681 316 3744 An
338 3682 506 3746 Meibomii
540 3683 647 3747 codex
676 3686 709 3746 in
741 3684 846 3747 altera
869 3683 973 3747 libelli
996 3688 1089 3766 parto
1112 3703 1131 3747 c
1153 3683 1323 3747 deterioris
1345 3699 1399 3762 ge-

160 3786 246 3849 neris
280 3786 392 3849 codice
426 3793 475 3850 est
508 3789 761 3869 transscriptus?
807 3787 903 3870 Quod
931 3806 995 3850 non
1019 3790 1123 3870 magis
1149 3792 1197 3852 est
1219 3786 1399 3868 probabile,

160 3911 234 3952 cum
267 3907 376 3972 neque
408 3894 539 3954 omnino
562 3911 638 3954 cum
660 3892 796 3973 reliquis
819 3893 998 3955 consentiat
1021 3898 1072 3971 et,
1105 3894 1151 3955 ita
1172 3891 1199 3954 si
1221 3908 1399 3970 censemus,

160 4011 243 4075 quas
265 3987 293 4059 C
317 3994 417 4058 babet
439 3996 673 4077 correctiones,
707 3996 839 4058 easdem
870 3998 902 4057 in
926 3996 1094 4059 Meibomii
1116 3998 1258 4077 'qnoque
1288 4013 1398 4056 exem·

160 4098 245 4178 plari
268 4100 444 4184 exstitisse,
476 4103 547 4163 sive
577 4120 618 4163 m.
641 4099 665 4163 I.
686 4101 756 4162 sive
779 4101 961 4163 recentiore
983 4102 1127 4181 scriptas,
1149 4100 1323 4179 opinemur
1346 4119 1399 4161 ne-

161 4220 253 4266 cesse
275 4205 324 4268 sit.

264 4342 340 4405 Una
349 4343 449 4423 igitur
460 4347 508 4406 est
519 4344 750 4423 interpretatio,
773 4361 848 4425 qna,
871 4343 957 4406 unde
980 4343 1082 4405 mirus
1102 4343 1153 4406 liic
1176 4344 1323 4408 codicum
1333 4339 1399 4410 MC

161 4462 335 4533 consensus
357 4446 456 4509 ducat
478 4447 647 4537 originem,
674 4449 774 4527 possit
796 4447 889 4510 reddi
901 4447 1080 4527 probabile,
1103 4449 1136 4509 in
1147 4451 1400 4530 variantescrip-
1499 4476 1502 4487 ·

162 4555 236 4613 lure
247 4548 381 4612 editioni
388 4549 628 4613 Meibomianae
643 4549 756 4613 addita
776 4551 949 4614 nonnullas
962 4554 1051 4612 certe
1063 4551 1212 4614 exbiberi
1221 4553 1398 4633 scripturas
1468 4598 1474 4608 „
