3120 5040
680 455 882 518 ..72-

164 624 277 709 Quare
298 628 460 709 continua
477 620 591 710 ¹quoad
607 629 677 690 eius
699 628 770 690 fieri
793 632 906 713 potest,
928 629 1105 692 verborum
1127 630 1302 692 latinorum
1323 648 1399 692 eum
1505 694 1510 704 ,

163 732 291 810 graecis
313 734 567 812 comparatione,
591 750 678 814 quae
699 728 863 799 codicis0
885 734 982 796 fuerit
1004 732 1138 810 indoles,
1160 733 1399 816 exquirendum

164 840 221 897 est
266 836 316 898 Ao
338 836 441 898 tribus
464 840 552 898 certe
581 836 659 898 loeis
685 836 728 898 ab
751 838 910 914 omnibus,
940 856 1022 919 quos
1044 839 1204 920 novimus
1234 837 1400 901 codicibus

164 939 285 1000 mirum
318 943 476 1021 quantum
509 938 614 1002 distat.
669 940 706 1001 ln
738 958 763 1001 c.
793 941 873 1005 XlV
903 942 921 1002 2
956 943 1042 1003 enim
1075 941 1205 1004 videtur
1239 943 1401 1004 exstitisse

164 1040 284 1104 lacuna
306 1061 327 1104 e
348 1043 518 1105 vocabulis
541 1043 579 1124 νὴ
595 1040 653 1104 Δία
671 1041 727 1103 καὶ
743 1041 806 1105 ωδε
829 1062 934 1125 usque
956 1044 998 1106 ad
1022 1045 1183 1108 vocabula
1205 1045 1243 1127 νὴ
1266 1042 1324 1105 Δία
1346 1043 1402 1104 καὶ

166 1143 233 1228 μετ’
255 1145 352 1228 αὐτῆς
374 1165 421 1230 γε,
451 1148 510 1208 nisi
539 1148 645 1228 potius
676 1166 804 1210 errasse
821 1142 993 1211 'Odaxium
1016 1147 1071 1210 vei
1093 1149 1277 1228 typothetas
1300 1152 1402 1228 putes.

163 1249 202 1312 In
224 1250 372 1313 eiusdem
402 1256 513 1313 eutem
541 1252 657 1331 capitis
684 1252 749 1315 tine
775 1256 833 1314 sut
860 1254 892 1314 in
922 1250 1035 1324 ¹codice
1061 1252 1128 1314 alia
1150 1253 1280 1334 invenit,
1302 1256 1402 1333 atque

163 1354 197 1415 in
219 1354 336 1416 nostris
358 1354 520 1436 leguntur,
547 1361 604 1417 aut
633 1356 704 1435 ipse
732 1357 856 1418 erravit
877 1354 1041 1432 Odaxius3
1075 1355 1174 1417 habet
1195 1355 1282 1416 enim
1305 1355 1400 1416 haec:

164 1463 231 1520 tunt
260 1456 384 1521 demunt
413 1459 459 1522 εἰσ
485 1458 567 1522 solvi
602 1466 630 1522 et
659 1459 829 1527 incolumes
863 1467 963 1525 erant.
1022 1459 1128 1542 Nepae
1161 1458 1225 1520 ulio
1262 1478 1400 1541 unquam

156 1558 268 1642 salsae
304 1560 492 1644 disciplinae
529 1564 706 1625 eotnmertio
744 1562 935 1646 labefactari
974 1571 1123 1646 poterunt
1159 1583 1255 1646 neque
1289 1562 1400 1625 horum

164 1662 341 1727 studiorum
356 1667 463 1748 pratia
486 1666 565 1728 enati
587 1668 751 1749 quippiam
773 1667 998 1751 attipiseentnr.
1041 1668 1078 1729 In
1101 1667 1267 1730 codicibus
1289 1672 1401 1728 autem

165 1767 248 1830 haec
270 1773 417 1831 exstant:

333 1936 600 2010 AVLBRPGK
1040 1940 1184 2012 DWEF

164 2041 238 2107 τὸτε
260 2045 298 2109 ἂν
321 2046 409 2124 (τότε
430 2049 492 2130 γὰρ
515 2049 554 2112 ἂν
571 2047 653 2128 BR)
677 2050 759 2112 οὕτω
811 2049 884 2114 τότε
912 2052 974 2134 γὰρ
1006 2052 1043 2113 ἀν
1077 2052 1176 2125 οὕτως
1203 2044 1405 2129 σωθήσονται

210 2148 326 2227 (Οὕτως
376 2148 493 2232 ABR)
558 2151 762 2236 σωθήσονται
857 2154 932 2218 οὐδὲ
973 2153 1113 2236 ἐλλείψει
1150 2153 1265 2226 αὐτοὺς
1299 2151 1403 2212 κακὸν

209 2251 272 2316 ὧδε
300 2253 336 2317 δὲ
368 2254 448 2335 (ωδε
474 2255 530 2319 nat
554 2252 631 2337 ΡΟ)
654 2255 761 2341 μένον·
857 2258 949 2322 οὐδὲν
972 2259 1068 2322 ἕνεκα
1090 2257 1209 2321 τούτων
1226 2252 1404 2338 τῶνμαθη-

209 2384 262 2441 τες
284 2367 372 2448 παρὰ
394 2375 432 2450 τῆ
456 2363 685 2448 ψευδοπαιδεία
709 2366 761 2429 οὐ·
858 2361 964 2446 μάτων

209 2466 325 2533 δὲπστε
378 2467 642 2554 ἀπολυθήσονται
686 2468 762 2532 οὐδὲ

209 2569 350 2654 ἐλλείψει
381 2574 497 2649 αὐτοὺς
533 2574 638 2637 κακὸν
669 2571 761 2635 οὐδὲν

209 2675 305 2740 ἕνεκα
334 2675 454 2742 τούτων
476 2685 539 2741 τῶν
563 2675 761 2761 μαθημάτων

167 2865 313 2948 Apparet
361 2870 460 2951 igitur
505 2888 565 2951 pro
610 2870 773 2934 vocabulo
817 2867 880 2930 ῶδε
921 2871 978 2930 out
1017 2867 1172 2946 scriptum
1214 2865 1313 2926 fuisse
1350 2868 1408 2924 aut

166 2967 334 3035 Odoxium
382 2992 494 3037 errore
538 2978 670 3056 captum
714 2974 833 3054 legisse
880 2969 971 3047 οὐδὲ,
1027 2969 1226 3033 vocabulum
1268 2962 1408 3046 ἐλλείψει

165 3080 275 3138 autem
306 3080 363 3139 aut
390 3078 490 3141 fuisse
523 3081 712 3159 corruptum
747 3074 911 3160 (ἐλλήψει)
933 3081 990 3139 aut
1023 3073 1205 3138 consedisse
1239 3068 1406 3133 Odsxium

166 3196 241 3240 cum
265 3179 374 3243 futuro
398 3160 489 3245 veibi
515 3179 695 3266 λαμβάνειν.
742 3181 778 3242 In
799 3200 824 3244 o.
851 3179 982 3243 XXXV
1005 3179 1024 3240 3
1048 3182 1158 3239 autem
1182 3175 1269 3237 sotus
1291 3172 1407 3252 implet

55 3346 57 3351 ,
165 3281 339 3368 lacunam,
386 3303 487 3366 quam
529 3303 642 3349 omnes
678 3287 838 3368 praebent
865 3283 993 3347 codices
1021 3271 1407 3358 (VBRDWPCKEF)‚
1518 3280 1521 3285 '

166 3387 197 3447 in
222 3389 332 3451 verbis
358 3387 405 3450 ὅτι
428 3386 513 3451 etit
535 3389 602 3468 (dn
625 3382 657 3452 ἐν
684 3385 766 3462 CK)
788 3395 833 3452 τῶ
856 3385 971 3469 πρώτω
998 3381 1151 3465 (δευτέρω
1174 3377 1224 3458 Κ)
1247 3377 1407 3464 περιβόλω

167 3488 194 3550 εἰ
211 3488 307 3573 μηδὲν
324 3489 406 3554 ἄλλο
424 3493 440 3554 ὃ
458 3491 708 3575 προσποιοῦνταί
727 3512 765 3575 γε
788 3495 1051 3575 (προσποιοῦνται
1066 3474 1195 3558 Dwitt
1217 3480 1407 3546 ἐπίστασθαι

168 3593 228 3655 οὐκ
268 3592 388 3658 οἴδασιν
427 3598 487 3663 hoe
523 3597 640 3660 modo:
685 3597 843 3678 Qnont'nnt
880 3597 915 3658 in
949 3595 1053 3677 priene
1090 3591 1208 3654 eenbitu
1244 3588 1300 3652 doe
1334 3587 1407 3670 plus

166 3696 287 3780 tendent,
316 3699 397 3782 qnod
420 3721 498 3784 qnae
521 3701 669 3782 nescient,
703 3701 822 3765 nescire
846 3720 876 3762 se
899 3719 961 3762 non
985 3695 1194 3775 dissimulent,
1217 3694 1252 3756 in
1274 3689 1407 3755 secundo

168 3821 239 3865 oeno
272 3802 354 3866 illud
388 3810 468 3868 certe
503 3806 654 3883 nesciant,
690 3803 773 3889 quod
806 3805 886 3868 seire
918 3822 949 3865 se
979 3799 1177 3884 profitentur.
1225 3794 1408 3875 Integriore

168 3904 268 3984 igitur
290 3905 421 3970 videtur
449 3926 526 3970 usus
558 3925 630 3970 esse
652 3908 774 3991 codiee,
801 3905 994 3989 praesertim
1025 3922 1099 3966 cum
1122 3904 1155 3965 in
1177 3896 1213 3968 K
1235 3898 1409 3996 manifesto

169 4318 229 4367 betis
248 4320 353 4372 tabule:
371 4338 424 4386 qna
441 4324 508 4373 nibil
526 4324 682 4374 absolutius:
702 4338 754 4386 qna
772 4323 903 4370 hnmanae
921 4320 988 4370 vitae
1005 4319 1123 4382 decipula
1138 4318 1260 4382 proptiae
1277 4325 1301 4368 et
1318 4319 1409 4367 conda·

169 4419 226 4454 core
251 4405 440 4470 depinpnntar:
466 4424 543 4473 qnam
567 4410 697 4458 latinitate
724 4407 830 4457 donavit
855 4408 1000 4457 tneatentna
1019 4406 1141 4468 interpres
1158 4405 1270 4470 mitione
1288 4404 1409 4455 amicost-

142 4545 146 4555 ,
169 4507 240 4543 anns:
266 4492 297 4542 de
321 4508 371 4557 qao
400 4494 468 4545 illud
492 4496 544 4546 dici
565 4494 724 4545 meritissimo
743 4500 835 4557 potest.
870 4493 1005 4557 Cecropiae
1029 4506 1159 4541 commone
1182 4493 1257 4542 decas
1280 4492 1410 4555 latiaeque

168 4592 298 4635 minervae
316 4614 323 4629 ·
340 4615 347 4628 ·
364 4613 370 4628 ι
386 4613 395 4630 .
