3120 5040
683 444 896 507 ...14-

166 621 236 683 solo
261 621 321 682 hoc
342 620 535 700 argumento
550 632 614 679 non
630 617 732 697 possis
748 617 815 680 niti.
860 617 923 681 Sed
941 617 1067 681 accedit
1088 617 1199 701 aliud3
1221 620 1298 683 libri
1321 621 1409 684 enim

166 728 392 805 tegumentum
415 722 546 784 omnino
569 721 742 784 Francisco
773 721 796 784 1.
818 726 976 802 regnante
998 723 1201 802 (1515-47)
1225 724 1407 787 conlectum

168 835 237 911 est,
271 846 346 889 curn
383 827 453 889 eius
476 827 569 906 signa
602 824 742 905 gerat¹);
775 827 810 887 in
844 843 909 908 quo
939 826 1065 889 nullum
1096 827 1273 908 vestigium
1302 832 1409 890 exstat

166 936 280 1012 postea
301 931 386 994 libro
409 930 477 991 iam
500 928 601 1008 ligato
625 928 692 990 alia
714 929 901 1006 accessisse,
932 931 1127 1010 praesertim
1151 914 1227 993 curn
1248 931 1409 1012 Polyaeni

165 1035 341 1116 strategiea
363 1038 495 1096 centum
518 1038 550 1095 et
572 1031 790 1113 quadraginta
812 1033 965 1095 foliorum
988 1035 1131 1114 spatium
1153 1035 1319 1115 impleant,
1346 1035 1408 1096 nisi

167 1137 253 1200 libro
275 1139 342 1201 iam
366 1137 467 1216 ligato
491 1135 631 1212 conicias
655 1152 703 1212 ea,
727 1151 813 1216 quae
835 1137 960 1213 insunt,
984 1155 1060 1207 esse,
1078 1139 1295 1218 transscripta,
1318 1136 1407 1220 quod

167 1243 248 1304 mihi
269 1242 398 1322 longius
422 1240 538 1303 abesse
561 1239 691 1302 videtur
713 1258 734 1301 a
756 1241 840 1302 verit
863 1245 904 1305 te.

270 1345 358 1409 Tum
392 1345 425 1405 in
447 1343 555 1406 indice
578 1361 679 1406 manu
708 1343 877 1406 simillima
900 1346 948 1427 ei,
972 1363 1068 1426 ,quae
1091 1345 1222 1408 Aeliani
1246 1364 1312 1409 var.
1335 1343 1406 1412 hist.

165 1451 331 1534 exaravit,
364 1449 384 1510 f.
409 1449 456 1538 Da
484 1465 602 1528 graece
635 1448 754 1528 scripto
788 1449 916 1524 omnia,
960 1466 1047 1530 quae
1076 1451 1293 1534 continentur,
1328 1469 1404 1513 enu-

163 1561 350 1631 merantur,
395 1554 539 1633 excoptis
584 1552 678 1615 brevi
721 1557 907 1633 temporum
948 1555 1113 1618 notatione
1147 1588 1185 1599 -
1217 1555 1284 1617 alia
1317 1556 1404 1618 enim

163 1677 264 1720 manu
296 1656 394 1720 indici
428 1661 477 1719 est
509 1655 684 1718 addita-
709 1657 869 1718 Demetrii
899 1657 1044 1719 Phalerii
1073 1655 1303 1738 apophthegm.
1334 1675 1405 1739 sep·

163 1766 229 1824 teni
251 1761 448 1842 sapientium
472 1763 504 1823 et
526 1761 693 1823 sententiis
717 1779 760 1823 ex
782 1759 939 1839 Euripide
962 1761 1129 1841 excerptis.

266 1865 304 1927 In
340 1864 444 1927 altero
478 1867 589 1926 autern
623 1862 730 1927 indice
764 1864 783 1925 1.
814 1863 862 1925 Mb
896 1864 962 1926 alia
991 1869 1121 1926 vetusta
1149 1884 1250 1927 manu
1286 1883 1405 1946 graece

165 1970 344 2051 conscripto
359 1969 470 2030 omnia
494 1967 690 2030 exhibentur
712 1971 842 2048 praeter
864 1968 1039 2030 sententias
1060 1968 1143 2052 illas,
1166 1969 1223 2031 sed
1240 1970 1402 2033 Bessario·

164 2074 214 2136 nis
248 2073 385 2154 epistola
419 2075 451 2133 et
475 2070 652 2134 Andronici
674 2069 802 2134 Callisti
836 2071 989 2134 monodia
1023 2072 1089 2134 alia
1122 2091 1223 2134 manu
1252 2070 1403 2135 videntur

164 2177 297 2240 additae
329 2195 418 2260 esse,
458 2177 491 2237 in
526 2177 617 2238 cuius
650 2175 765 2238 indicis
800 2177 864 2239 fine
898 2175 1015 2239 eadem
1040 2194 1140 2238 manu
1163 2180 1300 2239 exarata
1322 2178 1403 2239 haec

163 2280 365 2362 leguntur²]:
388 2287 494 2363 κτῆμα
518 2275 669 2342 ἀντωνίου
692 2287 748 2343 τοῦ
764 2276 921 2363 ἐπάρχου,
945 2274 1097 2342 diedone
1108 2285 1152 2362 τῷ
1165 2277 1401 2362 ἐπιφανεστάτῳ

164 2381 352 2468 φραγκίσκῳ
365 2389 410 2466 τῷ
422 2378 562 2465 κραταίῳ
576 2381 701 2467 βασιλεῖ
709 2382 842 2465 κελτῶν,
854 2383 896 2459 εἰς
910 2381 1109 2467 εὐχαριστίας
1123 2391 1261 2467 σημεῖον.
1290 2382 1400 2465 Quam

163 2490 309 2552 notulam
350 2488 421 2570 ipse
465 2471 629 2549 Antonius
665 2485 863 2568 Eparoh'us³)
907 2487 1072 2550 addidisse
1115 2488 1148 2548 in
1192 2487 1299 2550 indice
1343 2488 1401 2551 illo

162 2611 263 2655 manu
277 2592 396 2655 recont'
415 2591 473 2654 toti
488 2591 572 2654 libro
587 2593 735 2670 praefixo
758 2592 883 2668 dicitur,
907 2590 992 2672 quod
1018 2609 1076 2671 per
1099 2608 1135 2653 se
1157 2594 1205 2654 est
1220 2592 1400 2672 probabile.

265 2695 329 2759 Sed
363 2696 397 2756 in
431 2694 547 2758 eodem
568 2692 675 2757 iudice
697 2694 827 2757 Aeliani
855 2713 922 2758 var.
954 2695 1026 2759 hist.
1050 2694 1092 2757 ab
1116 2692 1232 2756 eodem
1258 2693 1399 2758 Antonio

162 2795 314 2880 Eparcho
348 2816 420 2861 esse
453 2776 616 2877 deseiipta
644 2783 849 2878 perhibetur,
881 2798 968 2880 quod
991 2797 1081 2860 idern
1104 2798 1273 2861 vocabulis
1296 2797 1399 2862 Μααα

162 2896 278 2968 Aulon.
301 2901 445 2986 Epurchi
479 2903 499 2965 1.
523 2903 577 2964 19²²
609 2902 643 2963 in
665 2903 813 2983 margine
840 2903 1010 2983 superiore
1032 2921 1132 2964 manu
1156 2903 1299 2980 recenti,
1337 2907 1400 2965 t'or·

161 3012 248 3071 tasse
270 3006 388 3071 eadem
411 3025 497 3090 quae
519 3005 661 3068 indicem
685 3007 886 3089 conscripsit,
910 3005 1022 3086 positis
1046 2998 1176 3068 videtur
1199 3006 1399 3085 confirmari,

162 3110 279 3176 eadem
301 3130 418 3175 manus
437 3111 471 3174 in
493 3111 600 3192 primo
623 3111 720 3174 totius
742 3109 819 3174 libri
841 3110 935 3193 folio,
965 3108 1052 3192 quod
1075 3114 1153 3173 nota
1174 3113 1278 3192 earet,
1301 3107 1398 3170 adno-

433 3211 446 3321 [
469 3232 645 3298 Constantii
727 3275 729 3279 -

159 3339 260 3404 tavit:
293 3335 396 3402 Manu
426 3326 440 3432 ἦ
468 3336 598 3402 Masuri

432 3433 619 3543 [Eporchi.
1407 3518 1410 3524 Ι

158 3550 231 3629 post
256 3547 454 3610 vocabulum
482 3544 658 3611 Constantii
690 3544 853 3610 vocabula
876 3543 950 3608 Aut.
973 3542 1072 3628 Epor.
1107 3545 1235 3607 exstant
1269 3542 1398 3625 scripta,

264 3803 285 3873 ¹]
321 3801 399 3854 Essai
416 3802 570 3870 historique
588 3821 636 3856 sur
653 3806 681 3857 la
701 3803 891 3872 bibliotheque
910 3804 948 3854 du
966 3802 1027 3855 Roi.
1047 3802 1112 3872 [Par
1128 3802 1165 3853 Le
1176 3799 1293 3869 Prinoe]
1313 3799 1397 3852 Paris.

158 3890 233 3944 1782.
251 3906 276 3959 p.
295 3888 595 3957 262sq.Dehs1el.l.
614 3908 639 3959 p.
658 3890 708 3942 182
728 3906 768 3959 sq.

69 3988 72 3993 ·
256 3979 285 4047 2)
322 3976 475 4044 Schweigh.
495 3977 569 4029 1798.
588 3978 671 4046 praef.
691 3995 716 4045 p.
734 3977 830 4030 oxxl.

259 4066 284 4134 ⁸]
320 4064 362 4116 De
380 4064 445 4117 Ant.
470 4064 520 4134 Ep.
538 4066 569 4117 cf.
593 4065 671 4116 Essai
697 4065 861 4133 historique.
879 4081 904 4132 p.
924 4064 964 4117 20.
982 4064 1086 4116 Delisle
1104 4063 1121 4114 l.
1139 4062 1155 4113 1.
1175 4078 1198 4129 p.
1218 4063 1281 4113 157:
1318 4065 1343 4114 It
1362 4073 1396 4114 est

158 4162 276 4204 constant
297 4155 339 4218 (μα’
363 4154 475 4204 Anteius
499 4140 624 4219 &parque
649 4156 718 4204 acolt
742 4157 800 4204 ebes
824 4155 864 4205 ἰαί
886 4157 935 4203 bon
960 4157 1063 4204 nornbrc
1085 4155 1116 4202 de
1134 4153 1287 4202 rrrarruecrr‘tc
1307 4160 1396 4216 etque

159 4241 292 4302 Franpoic
316 4241 356 4290 [er
379 4243 429 4292 luit
450 4242 482 4307 fit
506 4243 613 4307 quelque
631 4242 695 4290 hieu.
730 4242 813 4292 Eutre
839 4244 872 4291 les
891 4243 1044 4292 renumerata
1060 4256 1131 4303 precs
1149 4255 1197 4302 que
1215 4255 1280 4289 nores
1301 4256 1397 4300 spureo

158 4328 340 4378 certaiuement
353 4329 425 4378 avoir
436 4329 494 4394 seit
507 4331 596 4392 partie
615 4330 645 4377 da
658 4330 684 4377 la
703 4328 870 4391 bidilothdque
889 4331 920 4378 de
935 4328 1145 4388 fibrzlaiucdleou,
1164 4342 1230 4375 trous
1248 4343 1280 4375 en
1302 4342 1396 4390 repono

154 4414 215 4476 plur
239 4415 269 4463 de
293 4421 375 4463 trente
399 4431 433 4464 ou
455 4400 581 4480 Eporqce
606 4413 706 4464 de'clure
730 4415 792 4477 prt'r'l
816 4416 850 4463 les
874 4416 960 4464 donne
984 4430 1020 4462 αα
1043 4413 1085 4462 roi
1102 4429 1156 4477 pur
1181 4415 1396 4463 reconnoiaaauce.

158 4495 271 4564 (Boivin
295 4497 410 4549 histoire
434 4498 482 4550 des
500 4515 549 4550 ms.
566 4513 644 4565 greca
663 4498 697 4549 de
714 4498 845 4564 Franpois
865 4497 907 4550 Ier.
940 4499 971 4549 cl.
989 4496 1093 4550 Delisle
1113 4500 1196 4564 praes.
1215 4514 1240 4566 p.
1257 4496 1323 4548 Vlll
1342 4498 1395 4566 sq.)

158 4581 264 4635 Nicolai
284 4584 378 4638 Geseh.
398 4584 423 4636 d.
437 4586 597 4652 neugrierh.
617 4584 762 4637 Literetnr.
782 4583 845 4652 Lpz.
864 4584 937 4637 1876.
956 4602 980 4653 p.
998 4583 1039 4636 86.
