3120 5040
641 1280 842 1409 carre
877 1281 917 1406 r.

90 1575 94 1583 ·
159 1529 208 1599 ot
241 1527 409 1601 choreus
443 1528 547 1600 aba!
580 1529 710 1602 honde
743 1527 904 1600 cestus
926 1480 1111 1598 TthIhE
1134 1526 1400 1601 ΕΜΕΝΒΑΝΒΑΕ

518 1649 621 1722 sum
645 1652 827 1723 ΑΒΗΙΒΙΤΑ
845 1648 1037 1722 suasinus.

259 1841 396 1906 Codices
412 1862 486 1904 mss.
509 1845 713 1927 quinque-
730 1848 860 1926 praeter
883 1863 969 1928 eum,
992 1860 1011 1905 e
1034 1858 1099 1923 quo
1122 1841 1221 1906 editio
1244 1843 1396 1926 princeps

157 1964 309 2026 expressa
332 1952 402 2010 erat
512 1947 621 2010 adhuc
644 1949 769 2010 excussi
791 1952 883 2023 sunt,
918 1963 1058 2028 quorum
1090 1948 1244 2026 quattuor
1265 1947 1401 2010 Parisiis

157 2056 343 2128 servantur,
378 2052 509 2132 quintus
544 2069 562 2113 e
584 2053 655 2114 sola
678 2052 850 2115 collatione
871 2051 914 2114 M.
936 2048 1106 2112 Meibomii
1130 2047 1265 2112 editioni
1288 2049 1401 2113 addita

156 2154 249 2217 nobis
278 2163 372 2216 notus
407 2160 462 2216 est.
506 2155 620 2217 Trium
645 2160 818 2236 praeterea
841 2154 991 2217 codicum
1014 2153 1129 2216 notitia
1152 2153 1283 2232 exstitit,
1307 2155 1401 2217 unius

157 2257 395 2334 Laurentiarri¹)
419 2262 451 2320 et
474 2257 614 2320 duorum
638 2254 878 2336 Venetorum2).
921 2255 969 2318 Ad
994 2273 1075 2338 quos
1098 2255 1227 2319 codices
1251 2276 1327 2320 mss.
1351 2277 1402 2322 ac·

157 2365 321 2422 cesserunt
356 2357 441 2422 duae
475 2362 660 2437 versiones,
698 2361 803 2422 altera
833 2360 935 2423 latina
973 2378 993 2422 a
1025 2359 1218 2424 LUDOVICO
1251 2358 1401 2431 ODAXIO

156 2460 286 2541 faeta³),
320 2481 407 2545 quae
441 2463 537 2544 plura
571 2463 705 2526 exhibet
726 2463 760 2524 in
782 2464 846 2525 fine
867 2460 972 2525 verba
994 2481 1094 2544 quam
1118 2461 1219 2525 editio
1243 2467 1402 2548 princeps,

156 2567 261 2628 altera
284 2566 419 2638 arabica
442 2568 585 2647 primum
608 2567 650 2630 ab
674 2567 701 2629 J.
725 2565 970 2631 ELICHMANNO
994 2565 1095 2649 edita,
1119 2583 1187 2646 qua
1210 2567 1282 2630 sola
1304 2572 1403 2634 totius

155 2670 260 2735 libelli
293 2671 364 2732 finis
393 2670 485 2733 nobis
513 2669 649 2733 traditus
682 2667 768 2748 esth.
812 2667 876 2732 Sed
906 2666 948 2732 de
978 2668 1127 2731 codicum
1151 2674 1184 2732 ct
1208 2673 1399 2737 versionum

261 3031 283 3100 ¹)
318 3029 567 3098 Schweiglr.1798.
585 3031 669 3098 praef.
687 3046 712 3097 p.
731 3027 826 3081 CXIX.
844 3028 924 3081 Dros.
943 3028 1028 3097 praef.
1046 3044 1072 3096 p.
1091 3026 1139 3079 VI.

259 3117 283 3184 ²]
318 3115 438 3167 Fabricii
457 3116 522 3168 bibl.
540 3133 580 3184 gr.
598 3133 654 3168 eur.
673 3115 777 3182 Harles.
796 3115 829 3166 II.
848 3131 873 3183 p.
893 3114 951 3167 705.

260 3203 284 3273 ³]
320 3201 488 3255 Censorinus
507 3202 541 3254 de
559 3203 604 3254 die
621 3203 714 3254 natali.
737 3201 845 3254 Tabula
862 3199 981 3254 Cebetis.
999 3199 1141 3268 Dialogus
1160 3200 1284 3257 Luciaui
1308 3203 1407 3256 Euchi-

156 3290 249 3341 ridion
263 3288 388 3357 Epicteti.
401 3287 524 3340 Basilius.
537 3288 702 3340 Plutarchus
715 3288 749 3339 de
761 3288 868 3339 invidia
881 3291 908 3339 et
921 3287 994 3340 odio.
1013 3285 1168 3341 Bononiae.
1174 3288 1252 3343 1497.
1263 3290 1409 3343 -Addita

156 3380 198 3426 est
215 3376 280 3426 haec
299 3375 389 3426 versio
409 3374 579 3441 editionibus
589 3374 773 3444 Eliehmanni,
792 3373 938 3442 Johnsoni,
960 3372 1121 3441 Schweigh.
1139 3374 1272 3430 1798...
1287 3377 1330 3430 Dc
1345 3377 1408 3429 aliis

156 3461 240 3512 huius
257 3463 390 3514 versionis
408 3461 577 3514 editionibus
595 3478 626 3513 ac
643 3463 678 3514 de
697 3462 840 3529 universis,
859 3461 910 3527 qui
928 3459 964 3511 ad
974 3458 1110 3512 Cebetem
1128 3468 1265 3535 spectant,
1282 3464 1360 3517 libris
1371 3464 1406 3516 ei.

156 3552 266 3616 praeter
275 3545 457 3613 Engelruanni
476 3547 675 3601 bibliothecam
686 3547 787 3600 ΒΕΘ.
801 3546 952 3599 Hoffmann
971 3544 1028 3599 Iex.
1046 3545 1185 3618 bibliogr.
1203 3550 1225 3604 L
1242 3567 1262 3604 s
1278 3569 1304 3603 v.
1314 3550 1409 3604 Cebes

156 3665 191 3675 -
208 3634 249 3684 De
271 3632 381 3686 Odaxio
399 3636 431 3686 ei.
448 3635 565 3687 doeeher
583 3634 646 3704 allg.
665 3634 801 3688 Get-Lex.
819 3649 839 3685 s.
857 3650 883 3685 v.
903 3632 1020 3685 Odaxis.
1045 3633 1218 3689 Tiraboschi
1234 3639 1321 3690 storia
1336 3637 1410 3689 della

157 3720 243 3772 letter.
268 3719 330 3772 Ital.
348 3718 447 3771 Nuova
465 3721 540 3774 EdIz.
559 3721 604 3775 VI.
629 3738 653 3790 p.
677 3721 698 3774 I.
717 3738 742 3790 p.
761 3719 795 3771 54
812 3734 873 3786 sqq.
919 3717 944 3771 J.
963 3718 988 3772 J.
1006 3719 1171 3789 Wippelius
1189 3723 1225 3776 de
1240 3723 1304 3777 ceu
1320 3723 1409 3777 Theb.

158 3807 256 3876 philos.
274 3807 378 3859 Socrat.
397 3806 451 3858 tab.
468 3808 637 3860 verisimiIia.
656 3808 784 3860 Altonae.
804 3803 879 3856 1744.
898 3821 924 3872 p.
944 3805 979 3856 12
999 3820 1062 3875 sqq.

259 3893 284 3964 t)
320 3892 428 3945 Tabula
440 3892 556 3963 Cebetis,
570 3895 681 3963 Graece,
700 3893 828 3959 Arabica,
846 3890 956 3959 Latine,
975 3890 1051 3945 Item
1067 3908 1156 3946 aurea
1171 3897 1295 3948 earmina
1304 3895 1408 3963 Pytha-

158 3995 248 4050 gorae,
275 3997 338 4031 eum
363 3979 525 4048 paraphrasi
551 3981 679 4049 Arabica,
702 3981 828 4032 Auctore
853 3977 988 4030 dohanne
1013 3979 1202 4034 Elichmauuo
1218 3981 1252 4034 Ι.
1268 3980 1302 4033 Ι).
1334 3981 1409 4035 Cum

158 4068 327 4136 praelatione
345 4065 384 4119 CI.
403 4066 538 4118 Salmasii.
556 4066 687 4135 Lugduni
706 4067 800 4118 Batav.
819 4063 910 4132 Typh
930 4063 995 4118 Joa
1014 4065 1111 4120 Maire.
1135 4068 1210 4121 tolo
1224 4100 1261 4110 -
1286 4069 1365 4136 Quae
1384 4075 1415 4124 in

158 4155 210 4204 liue
229 4151 294 4204 hacc
312 4154 404 4206 versio
426 4153 508 4222 plura
526 4152 641 4204 exhibet
660 4153 753 4221 verba,
772 4168 804 4204 ea
822 4167 859 4201 ex
878 4150 973 4203 latina
992 4152 1175 4206 Ellehmmi
1192 4157 1319 4208 versione
1337 4175 1417 4226 prae.

158 4245 199 4291 ter
217 4239 371 4308 Schweigh.
403 4238 492 4310 [1798.
511 4240 596 4309 praef.
616 4255 641 4307 p.
659 4238 771 4291 CLVIII
789 4238 864 4307 sqq.)
893 4240 921 4309 et
941 4237 1030 4292 Dros.
1046 4240 1079 4290 in
1104 4239 1157 4308 hig
1181 4255 1251 4308 qm
1266 4242 1327 4310 ipse
1346 4248 1418 4313 vidi

158 4329 270 4378 exstant
287 4325 473 4379 editionibus:

260 4414 372 4479 Epicteti
388 4417 557 4468 enchiridium
576 4432 632 4466 aaa
651 4431 709 4466 eran
729 4415 786 4466 Oeb.
808 4413 884 4466 Theo.
906 4415 964 4466 rab.
983 4416 1034 4467 Pa
1050 4433 1100 4466 voc.
1115 4415 1177 4465 Ab.
1192 4415 1315 4464 &aar
1334 4417 1426 4479 [ιρι

158 4503 220 4552 Bai.
239 4509 262 4551 et
280 4500 383 4552 Amstcl.
401 4503 445 4553 Ea·
467 4505 510 4570 off.
531 4501 675 4554 baana.
694 4508 718 4551 ct
737 4501 800 4551 Δάν.
820 4499 1002 4552 dGaacheek
1019 4506 1095 4552 rm.
1110 4529 1145 4540 -
1161 4502 1211 4564 Εμ
1228 4505 1300 4549 enei
1318 4510 1344 4548 cr
1365 4503 1431 4551 (Ἀ

158 4590 208 4639 tab.
226 4587 331 4639 Amstcl.
349 4588 392 4638 Ex
410 4591 452 4656 off.
470 4590 553 4640 Ilcvrr.
571 4597 596 4639 ct
618 4588 713 4638 Theoti.
732 4589 823 4637 Boom.
841 4591 916 4638 1⁶70.
935 4616 976 4625 —
996 4589 1054 4655 Ε).
1068 4591 1142 4639 end.
1156 4596 1181 4637 et
1194 4589 1252 4636 Cels.
1272 4587 1324 4633 rat.
1344 4584 1434 4631 Garri

1216 4690 1250 4733 ,.
