3120 5040
674 447 877 508 ..12-

158 615 376 680 bibliothecae
397 619 618 697 praelectum,
653 619 710 679 sed
734 619 813 680 nihil
835 621 1000 700 comperi;
1034 640 1095 682 nec
1128 623 1190 682 viri
1222 621 1393 682 clarissimi

156 720 209 782 Fr.
231 722 371 801 Spiegel‚
395 722 558 801 professor
581 717 812 802 Erlangensis,
845 742 906 786 nec
928 724 966 786 G.
989 720 1203 802 Laubmann,
1241 724 1298 804 qui
1320 742 1397 784 urea

155 826 263 903 gratia
284 826 486 887 llavnienses
510 824 677 901 adierunt,
699 826 958 905 impetraverunt
979 826 1022 889 ab
1044 828 1093 902 iis,
1115 832 1150 888 ut
1163 826 1397 906 responderent

157 927 256 1009 mihi3
279 928 497 1010 quamobrem
520 927 562 989 de
585 929 647 990 hac
668 928 802 1010 quidem
824 949 862 991 re
883 930 964 991 nihil
981 931 1100 991 certius
1114 948 1247 1010 possum
1263 931 1396 991 referre·

259 1048 418 1113 Codicum
430 1045 496 1114 BD
518 1051 704 1131 scripturas,
726 1049 769 1111 de
791 1050 912 1130 quibus
934 1051 997 1111 viri
1019 1050 1190 1112 clarissimi
1213 1049 1270 1113 Ch.
1283 1051 1397 1113 Graux

157 1159 191 1214 ct
213 1153 252 1216 H.
277 1154 384 1216 Dulac
404 1155 484 1216 nihil
507 1160 722 1229 monuerunt,
750 1172 769 1216 6
790 1151 1097 1234 Schweighaeuseri
1119 1153 1260 1216 editione
1280 1154 1398 1230 (1806)

156 1258 330 1338 exscripsi3
352 1261 498 1320 ceterum
520 1275 604 1319 saec.
620 1257 692 1319 XV.
712 1262 854 1319 exeunte
875 1258 1031 1337 scriptum
1055 1275 1126 1318 esse
1147 1253 1178 1322 B
1196 1257 1320 1319 monuit
1342 1274 1397 1318 me

156 1360 196 1422 H.
219 1360 334 1423 Dulac.

258 1482 438 1544 Praeterea
450 1482 579 1544 Romae
600 1483 663 1542 viri
685 1483 857 1544 clarissimi
880 1482 1077 1545 Th.Karrer
1099 1487 1131 1543 et
1154 1483 1191 1544 A.
1207 1483 1294 1558 Mau,
1319 1503 1397 1544 uum

156 1589 301 1647 exstaret
337 1585 443 1648 codex
480 1586 640 1661 Urbinas,
686 1604 786 1666 quem
824 1583 951 1648 Odaxio
974 1586 1235 1668 Elichmannus¹)
1270 1587 1398 1666 putavit

157 1693 286 1768 praesto
310 1691 419 1772 fuisse,
443 1690 685 1771 quaesiverunt,
707 1687 764 1750 sed
787 1689 932 1749 frustrati
954 1696 1035 1750 sunt.

259 1810 329 1872 Nec
351 1811 525 1892 Mosqnae‚
560 1811 616 1873 ubi
649 1829 860 1891 speraveram
895 1811 980 1894 lore,
1016 1815 1049 1871 ut
1072 1812 1270 1890 reperiretur
1293 1810 1399 1873 codex

156 1913 284 1994 aliquis,
312 1931 352 1978 eo
368 1920 544 1996 permotus,
574 1914 660 1996 quod
679 1915 834 1977 versionis
850 1915 1066 1976 Germanicae
1088 1933 1116 1976 a.
1131 1914 1216 1976 1785
1240 1915 1398 1995 Mosquae

156 2015 295 2097 crlltaeb
317 2018 430 2079 titulus
457 2018 539 2080 haec
562 2018 696 2079 exhibet
718 2018 839 2079 verba:
878 2018 945 2079 Aue
968 2019 1055 2081 einer
1077 2017 1161 2080 alten
1184 2017 1394 2100 prieclrischcn

158 2119 392 2205 Hurulschrfft,
427 2126 554 2183 exstare
583 2121 728 2183 codicem
757 2141 816 2184 ms.
851 2140 871 2182 a
898 2123 968 2183 viro
992 2123 1170 2184 clarissimo
1199 2122 1236 2183 A.
1259 2121 1403 2183 Pawloff

157 2226 276 2287 certior
298 2245 372 2286 sum
395 2225 509 2300 factus,
532 2225 588 2305 qui
611 2224 652 2286 de
675 2225 745 2303 ipsa
768 2225 830 2285 hac
852 2226 1003 2286 versione
1028 2226 1111 2287 haec
1133 2225 1278 2287 monuit:
1336 2223 1399 2287 Die

158 2325 378 2411 Herauspcher
399 2327 456 2389 der
471 2326 635 2390 deutschen
660 2326 882 2410 Uebcrsctzunp
904 2328 987 2391 1785
1009 2328 1115 2391 hohen
1138 2327 1397 2392 wulrrschcinlich

156 2452 218 2514 pur
249 2431 321 2494 heia
354 2429 652 2514 liorzdschriftlichcs
683 2431 831 2514 Oripinol
840 2456 852 2512 ;
887 2452 918 2494 cs
951 2432 991 2494 ist
1025 2431 1173 2511 bekannt,
1207 2431 1282 2493 dass
1314 2430 1399 2494 dicre

156 2533 1398 2619 „Nouilcossche“typopraphischeGesellschuft(pcpritndctvouFreimuurerh)

157 2659 236 2722 pero
255 2637 324 2700 dem
340 2637 510 2700 Publicum
526 2638 616 2702 Sond
639 2640 673 2700 in
696 2637 746 2700 die
762 2638 873 2721 Aupco
896 2644 1018 2700 sirecte.
1063 2639 1131 2700 Aur
1154 2636 1210 2700 der
1232 2636 1398 2701 derrtschen

165 2739 391 2823 Ucbersctzunp
422 2762 449 2802 v.
472 2740 504 2804 J.
535 2743 617 2803 1785
652 2739 759 2802 orode
792 2741 860 2802 eine
892 2739 1028 2803 russisch
1063 2741 1229 2804 iibersctzte
1254 2741 1400 2823 Auspobc

158 2845 241 2907 1786
271 2843 538 2927 lterouspepcben;
573 2844 640 2906 cine
670 2844 774 2906 zueitc
802 2864 860 2906 aus
888 2843 945 2906 der
971 2844 1137 2908 dertlscheu
1175 2845 1402 2930 Uebersctzuup

158 2947 251 3010 1812.
296 2946 396 3010 Beidc
418 2946 587 3028 Auspauen
617 2967 723 3010 ereren
755 2967 819 3008 nur
833 2946 898 3029 fiir
921 2946 1126 3012 Frcimourer
1157 2949 1223 3013 ruod
1247 2947 1403 3030 Mystico

159 3051 314 3113 bestimml
345 3050 412 3113 und
434 3049 564 3113 corrrdeo
587 3049 662 3112 hold
685 3048 812 3133 darauf
831 3050 969 3114 condor
991 3052 1171 3135 peistlichru
1194 3052 1314 3116 Censur
1336 3072 1402 3114 oer-

158 3153 255 3216 hotcn.
290 3152 385 3235 Quae
395 3154 526 3216 omnino
544 3157 632 3215 recle
645 3153 820 3229 sehabere,
837 3154 893 3234 qui
902 3155 1085 3218 versionem
1100 3157 1204 3234 ipsam
1217 3155 1401 3232 inspexerit,

131 3296 133 3300 -
157 3258 255 3319 facile
271 3262 459 3339 cognoscet3
481 3258 566 3319 mira
581 3273 661 3319 sane
676 3257 709 3317 in
726 3256 786 3318 hoc
800 3257 913 3319 libello
929 3275 988 3337 pro
1002 3256 1168 3320 Cebetinis
1184 3257 1403 3335 proferuntur.

262 3376 357 3440 Idem
374 3376 521 3440 codicem
531 3376 810 3456 Petropolilanum
820 3378 892 3438 150.
908 3377 1009 3438 chart.
1026 3394 1110 3439 anno
1122 3374 1205 3438 1669
1215 3376 1403 3457 scriptume

157 3481 285 3544 Joannc
319 3479 444 3541 Meiere
479 3475 672 3554 Sedinae0³l
721 3496 796 3540 mea
829 3479 935 3557 gratia
967 3480 1110 3560 inspexit
1144 3478 1338 3564 addiditque
1371 3484 1404 3544 in

159 3596 271 3645 vetere
304 3582 453 3663 catalogo
488 3581 634 3643 codicum
673 3601 746 3643 mss.
773 3581 874 3642 latine
901 3582 1080 3661 conscripto
1104 3582 1257 3646 exhiberi
1280 3586 1404 3649 verba:

158 3688 242 3750 utin
260 3685 440 3749 edittlutv.
463 3686 554 3749 1578.
578 3687 627 3748 16.
673 3683 770 3766 Quod
793 3685 853 3744 etsi
876 3702 940 3745 non
962 3685 1094 3746 omnino
1120 3668 1269 3767 quadret,
1293 3692 1403 3752 tamen

266 4133 287 4199 ¹)
324 4131 365 4181 cd.
385 4147 410 4198 p.
429 4130 470 4180 79.
489 4128 648 4193 Schweigh.
668 4127 742 4178 1798.
761 4128 845 4194 praef.
866 4144 889 4194 p.
909 4125 1043 4179 CXXVII.

266 4217 289 4285 ²)
326 4215 383 4266 Duo
400 4214 535 4268 Gemaldc
553 4215 600 4264 des
619 4212 715 4262 Kebes
745 4214 804 4262 Aus
823 4214 900 4263 einer
918 4214 991 4264 alten
1010 4213 1199 4281 griechischen
1220 4215 1390 4271 Hundsrhrif
1401 4261 1406 4272 .

159 4304 284 4354 Meshan.
312 4301 360 4353 Bei
380 4302 430 4352 der
447 4299 702 4367 typographisrhen
721 4297 903 4349 Grsellsrbalt
922 4300 996 4350 1785.
1015 4301 1046 4349 cl.
1066 4300 1150 4364 praef.
1169 4315 1193 4366 p.
1213 4301 1313 4355 XXIV.
1325 4356 1328 4364 ,
1341 4305 1406 4357 Bac.

161 4391 276 4442 meister
295 4403 363 4439 russ.
382 4387 515 4438 Bibliolh.
535 4385 567 4434 X.
586 4382 659 4433 1786.
678 4397 703 4448 p.
722 4382 772 4432 148
790 4397 849 4448 sqq.
868 4384 918 4432 155
937 4399 996 4450 sqq.
1015 4384 1066 4434 160
1084 4401 1143 4451 sqq.

265 4475 290 4544 ³)
326 4473 383 4526 Cat.
408 4473 457 4525 des
482 4469 647 4522 manuscrits
671 4483 748 4534 grees
772 4467 806 4518 de
830 4469 858 4518 lu
875 4468 942 4520 bibl
960 4468 1036 4536 publ.
1053 4471 1118 4538 imp.
1156 4472 1194 4525 St.
1211 4476 1405 4546 Petersbourg.

160 4559 238 4615 1664.
257 4574 282 4627 p.
302 4559 343 4611 82.
