3120 5040
674 457 880 520 -us-

86 668 88 672 >
155 650 231 695 eum
265 628 396 695 Odaxio
430 632 463 693 in
496 631 568 694 loco
605 649 623 694 e
652 649 679 693 e.
710 628 790 692 XIV
822 629 971 711 4supra
1001 630 1129 712 prolato
1163 634 1194 694 et
1225 631 1397 712 paululum

154 733 280 798 recedit
302 735 426 798 abillo
449 736 481 796 in
504 753 530 797 o.
553 734 694 810 XXXV¹
709 732 769 816 3¹),
793 738 828 795 ut
850 734 931 798 alios
954 735 1111 798 omittam.

259 871 371 955 Quare
386 877 443 936 aut
465 891 509 936 ex
531 869 647 936 eodem
675 876 852 955 utrumqne
874 873 1022 936 hausisse
1045 873 1132 937 fonte
1154 877 1211 936 aut
1228 871 1397 938 Odaxium

155 977 285 1040 novisse
293 975 545 1058 Questanbergii
558 978 743 1040 versionem
756 977 853 1039 facile
865 976 1014 1053 conicias,
1027 995 1111 1054 oum,
1124 977 1300 1060 quominus
1311 974 1399 1040 huno

156 1097 200 1145 ax
213 1080 301 1143 illius
317 1080 571 1162 transscripsissa
586 1098 680 1142 suam
696 1082 886 1158 statuamus,
911 1083 943 1142 at
958 1079 1029 1143 iooo
1046 1098 1065 1142 e
1081 1098 1107 1142 o.
1123 1079 1202 1146 XIV
1227 1080 1246 1144 2
1262 1078 1398 1143 laudato

156 1187 189 1247 et
220 1200 268 1266 eo,
290 1182 378 1264 quod
404 1184 508 1246 verba
535 1182 610 1244 inde
634 1201 655 1245 a
677 1201 702 1246 e.
725 1182 783 1244 XL
811 1183 830 1245 2
860 1179 1027 1265 (ἀγνοοῦσι
1042 1183 1105 1266 γὰρ
1120 1201 1151 1244 κ.
1168 1202 1195 1245 τ.
1212 1178 1258 1263 λ.)
1282 1181 1398 1254 desunt

156 1286 244 1368 apud
260 1284 563 1369 Questenhengium,
579 1285 823 1367 prohibeamur,
845 1287 908 1349 nisi
923 1291 1052 1368 praeter
1067 1284 1190 1351 Odaxii
1211 1286 1398 1351 versionem

156 1389 247 1454 aliud
271 1391 369 1454 etiam
392 1409 548 1471 graecum
572 1390 743 1470 exemplar
767 1387 852 1452 huno
874 1389 1064 1454 adhibuisse
1087 1393 1251 1471 putamus

261 1528 324 1593 Sed
354 1527 497 1610 attigisse
526 1531 607 1592 haeo
628 1530 780 1614 sufficiat,
810 1549 885 1593 oum
912 1519 994 1592 nihii
1024 1529 1156 1592 omnino
1187 1528 1397 1609 proficiamus

156 1635 220 1698 hao
241 1652 278 1698 ra
299 1639 452 1697 accurate
474 1637 620 1699 tractata

864 2158 869 2187 i

266 2255 285 2322 ¹)
305 2256 434 2316 Quoniam
459 2258 505 2320 qui
526 2258 555 2306 in
569 2258 654 2321 primo
673 2257 773 2306 ambita
796 2263 875 2307 suut:
893 2257 922 2305 iu
940 2273 968 2306 eo
987 2255 1074 2306 ceteris
1087 2262 1239 2320 praestant:
1266 2257 1400 2320 quodque

158 2343 289 2392 nesciunt:
308 2342 403 2392 tzescire
417 2360 443 2392 ae
460 2360 513 2392 uon
532 2343 701 2393 dissimulant.
720 2343 747 2391 io
765 2345 875 2393 aecusido
888 2358 946 2392 vero
960 2343 1005 2406 qui
1021 2348 1096 2392 susat:
1108 2342 1177 2392 {dud
1191 2347 1256 2390 carte
1268 2342 1399 2392 nesciunt:

161 2430 231 2495 quod
246 2428 309 2478 scire
326 2445 352 2478 se
365 2429 528 2495 profitemur.
