3120 5040
673 430 876 492 ..50-

262 607 397 689 Aliquot
428 608 603 686 praeterea
623 604 732 686 locis,
766 602 824 665 ubi
852 600 1047 665 dissentiunt
1076 594 1246 684 BRDW,
1280 599 1399 662 eadem

158 712 280 775 habent
303 710 407 774 verba
426 703 493 777 >VC
522 716 557 771 et
580 708 735 771 Drosihn:
770 706 925 771 XXVII
960 703 1064 768 πάντα
1098 701 1207 780 καλῶς
1241 701 1399 790 βιώσεται.
1486 752 1488 756 ⁴

157 815 289 880 XXVII
323 815 342 876 2
369 808 562 896 κατέχονται
592 807 628 872 δὲ
660 808 722 872 ὑπὸ
753 816 913 892 γυναικῶν
936 828 1037 872 τινων.
1084 808 1231 873 XXVIII
1257 809 1272 871 i
1297 805 1401 870 πάντα

157 919 246 982 κακὰ
269 915 372 1002 λέγεις
396 916 504 991 αὐτοῖς
527 911 753 1000 ἀκολουθεῖν,Υ
780 908 943 977 XXXVII
967 913 987 976 3
1018 910 1127 995 ἀληθῆ
1151 931 1203 995 μοι
1226 909 1333 988 δοκεῖς
1349 908 1400 973 λί-

157 1042 247 1106 γειν;
290 1039 355 1085 uno
399 1025 510 1084 autem
550 1020 623 1084 looo
666 1018 830 1097 (XXVIII
864 1019 898 1096 l)
942 1036 1016 1079 oum
1053 1012 1204 1084 BRDW
1244 1017 1402 1081 consentit

157 1127 298 1190 Drosilm
331 1126 365 1187 in
398 1123 568 1187 vocabulis
602 1122 665 1206 οὐχ
699 1119 852 1199 ἑαυτοὺς,
899 1139 975 1182 oum
1012 1114 1076 1192 VC
1109 1122 1289 1202 praebeant
1326 1119 1401 1204 οὐχί

157 1229 281 1304 αὐτοὺς.
312 1229 362 1292 De
374 1229 537 1291 nonnullis
554 1231 666 1291 autem
683 1244 807 1301 eorum,
830 1242 913 1307 quos
936 1225 1103 1309 exscripsi,
1125 1225 1271 1290 locorum
1294 1243 1401 1307 pauca

158 1334 256 1398 liceat
279 1334 435 1415 proferre.

261 1496 378 1603 XXXI
400 1540 429 1602 2.
474 1500 647 1604 Vocabula
670 1537 736 1607 οἷον
760 1544 827 1613 πῶς
850 1538 938 1613 ἴσους
960 1536 1106 1621 γίνεσθαι
1131 1557 1202 1603 asse
1225 1540 1400 1621 glossema,

158 1643 247 1728 quod
270 1637 340 1708 sine
364 1642 465 1714 dubio
484 1660 528 1706 ex
540 1641 1143 1723 marginemauetorisverbaillalum
1162 1648 1218 1727 esi,
1240 1648 1413 1732 apertum„

158 1747 223 1812 Sed
256 1765 364 1829 neque
397 1747 447 1809 his
481 1744 597 1809 deletis
629 1745 759 1827 reliqua
790 1745 895 1809 verba
934 1750 1009 1807 sunl
1052 1746 1194 1826 integrm
1240 1765 1315 1810 nam
1355 1781 1398 1794 -

158 1855 193 1915 ut
216 1853 366 1935 mittam,
400 1867 487 1932 quae
509 1849 566 1911 vis
581 1850 622 1915 sil
643 1850 797 1913 vocabuli
819 1849 907 1927 ἶσος,
941 1866 1103 1932 quaerero
1133 1885 1172 1896 -
1205 1851 1400 1915 offendimur

157 1974 206 2040 eo,
229 1955 315 2038 quod
341 1954 434 2018 deest
457 1953 656 2017 vocabulum
679 1951 734 2014 καί
757 1958 834 2017 anie
856 1950 951 2036 μήτις
991 1971 1066 2014 oum
1100 1954 1188 2015 enim
1217 1954 1264 2017 ita
1286 1960 1401 2037 pergat

157 2065 272 2123 auctor
300 2056 378 2142 μήτε
413 2055 534 2142 χαίρειν
569 2057 645 2120 ὅταν
680 2053 755 2118 διδῶ
792 2054 870 2140 μήτε
901 2054 1036 2139 ἀθυμεῖν
1068 2055 1143 2118 ὅταν
1167 2052 1323 2141 ἀφέληται
1345 2056 1401 2118 καί

158 2160 237 2246 μήτε
272 2159 379 2247 ψέγειν
408 2162 506 2244 αὐτὴν
531 2158 609 2244 μήτε
631 2159 779 2237 ἐπαινεῖν,
803 2160 1008 2224 desideratur
1032 2161 1228 2224 vocabulum
1254 2159 1331 2242 sal,
1366 2166 1402 2223 ul

159 2271 340 2349 congruant
362 2267 424 2331 sibi
446 2264 502 2328 καί
525 2262 603 2349 μήτε
627 2263 747 2349 χαίρειν
779 2302 820 2312 -
856 2263 934 2348 μήτε
957 2262 1091 2346 ἀθυμεῖν
1115 2269 1147 2328 ei
1168 2262 1223 2325 καί
1246 2261 1324 2348 μήτε
1346 2261 1401 2346 ψὲ-

158 2389 224 2455 γειν
247 2405 290 2416 -
314 2366 392 2452 μήτε
414 2367 564 2433 ἐπαινεῖν.
621 2369 717 2452 Quod
740 2389 816 2435 oum
840 2370 996 2433 exhibeat
1018 2362 1065 2450 (l,
1099 2370 1240 2432 eonIaIas
1262 2370 1401 2431 sortasse

157 2475 342 2555 neglectum
380 2492 451 2537 esse
483 2475 516 2537 in
538 2468 573 2540 V
600 2478 734 2555 propter
756 2474 921 2554 glossema
943 2475 976 2535 in
999 2474 1103 2536 verba
1124 2478 1307 2559 receptum3
1342 2473 1400 2536 sed

159 2578 296 2641 minima
318 2595 372 2641 res
394 2578 440 2641 ita
462 2597 498 2642 se
521 2576 628 2643 habel.
665 2577 836 2648 Glossema
859 2579 945 2640 enim
968 2578 1157 2658 glossemati
1179 2576 1329 2639 additum
1352 2582 1403 2655 esi,

158 2683 192 2745 in
215 2674 449 2765 caelatisque
472 2683 642 2747 vocabulis
664 2681 751 2756 ἴσους
774 2678 941 2764 γίνεσθαι,
971 2701 1058 2764 quae
1085 2680 1127 2744 ad
1157 2679 1401 2760 interpretanda

156 2787 260 2851 verba
282 2783 360 2869 μήτε
383 2782 503 2869 χαίρειν
539 2822 583 2833 -
612 2783 691 2870 μήτε
714 2783 848 2870 ἀθυμεῖν
873 2821 914 2831 -
945 2785 1000 2846 καί
1023 2783 1101 2869 μήτε
1124 2781 1231 2867 ψέγειν
1255 2820 1297 2830 -
1319 2781 1398 2873 μήτε

156 2889 295 2954 ἐπαινεῖν
318 2891 352 2952 in
374 2892 523 2971 margine
545 2888 633 2953 haud
656 2889 757 2954 dubie
779 2891 922 2970 primum
945 2895 1039 2954 erant
1060 2890 1230 2972 apposita,
1254 2892 1302 2953 est
1323 2890 1399 2952 seri·

156 2993 320 3059 bendum:
350 2990 476 3056 κελεύει
504 2981 583 3077 πρὸς
612 2993 668 3068 τὰς
702 2991 777 3076 παρ’
808 2993 905 3076 αὐτῆς
937 2992 1039 3069 δόσεις
1073 2991 1149 3077 μήτε
1180 2989 1299 3076 χαίρειν
1322 2992 1397 3053 ὅταν

157 3095 233 3180 διδῷ
267 3094 345 3181 μήτε
379 3095 513 3181 ἀθυμεῖν
548 3098 622 3161 ὅταν
658 3093 814 3183 ἀφέληται
851 3097 907 3159 καί
940 3095 1019 3181 μήτε
1055 3095 1161 3181 ψέγειν
1192 3095 1289 3178 αὐτὴν
1319 3091 1398 3179 μήτε

157 3199 338 3280 ἐπαινεῖνί).

259 3407 376 3472 XXXI
400 3410 428 3472 5.
451 3406 579 3472 Codicis
602 3402 632 3476 G
653 3409 814 3489 scriptura
837 3410 983 3490 profecta
1006 3414 1054 3473 esi
1076 3429 1097 3472 a
1119 3410 1255 3473 librario
1277 3409 1399 3490 ailquo,

157 3513 215 3594 qui
249 3512 477 3594 coniungenda
510 3530 580 3576 esse
614 3512 778 3575 voeabula
811 3510 866 3573 καί
899 3513 979 3595 πρὸς
1012 3513 1068 3594 τὴν
1091 3509 1167 3593 παρ’
1189 3513 1287 3596 αὐτῆς
1312 3509 1399 3574 δδσιν

156 3634 231 3678 oum
243 3617 345 3680 verbo
358 3615 443 3700 ἔχειν
456 3620 544 3679 recle
565 3615 824 3696 intellexit3sed
847 3615 961 3679 dubito
985 3616 1149 3698 equidem,
1174 3636 1252 3678 num
1275 3616 1321 3677 ila
1342 3634 1397 3676 ex-

156 3717 285 3799 peditus
315 3721 356 3781 sil
387 3721 485 3784 loeus.
530 3719 611 3786 Dioo
643 3719 729 3782 enim
759 3720 792 3782 in
816 3718 929 3783 codiee
952 3713 981 3787 (l
1003 3721 1166 3801 glossema
1189 3716 1279 3782 aliud
1302 3736 1402 3797 super

73 3887 77 3896 ,
157 3821 249 3884 aliud
266 3841 339 3886 esse
355 3822 500 3886 additum
518 3822 693 3905 deletoque
709 3823 872 3887 vocabulo
895 3821 979 3906 ἔχειν
1003 3823 1226 3892 scribendum:
1250 3817 1403 3898 ὡσαύτως

163 4122 574 4135 *ιι--σ--ιι

262 4394 284 4462 ¹]
308 4395 339 4445 ef.
363 4393 490 4445 xvssla
515 4402 637 4462 σημεῖον,
663 4397 730 4462 ἔφη,
756 4398 795 4447 δτι
819 4397 944 4462 ἀσφαλής
969 4411 997 4447 τε
1020 4398 1066 4445 καῖ
1091 4396 1180 4458 βεβαία
1198 4397 1215 4462 ψ
1234 4397 1300 4461 πρὸς
1320 4394 1402 4460 αὐτὴν

158 4483 220 4545 ὁδὸς
229 4484 282 4534 loti
291 4489 346 4544 τοῖς
363 4483 575 4549 ἀφικνουμένοις,
593 4486 708 4534 καὶτῶν
727 4484 871 4547 διδομένων
890 4484 1015 4548 ἀσφαλὴς
1033 4481 1050 4546 ἡ
1070 4483 1141 4545 δόσις
1159 4490 1212 4546 τοῖς
1231 4483 1402 4549 λαμβάνουσι,

158 4565 207 4618 ubi
225 4566 323 4619 eodem
341 4567 426 4621 modo
444 4569 580 4637 repetilur
598 4583 700 4620 nomen
718 4566 923 4621 substantivum
942 4571 968 4619 et
986 4565 1111 4619 verbum.
1199 4614 1205 4627 ,
1389 4562 1391 4566 ⁴
