3120 5040
676 462 882 528 ..65-

155 643 199 707 ab
214 641 265 704 his
280 639 449 703 vocabulis
465 655 559 721 posse
574 638 703 699 initium
718 656 850 701 sumere
864 636 1022 699 docemur
1044 638 1116 700 loco
1132 655 1152 700 e
1170 656 1197 700 c.
1213 633 1361 701 XXXIII
1378 638 1398 699 5

155 763 257 827 supra
278 744 440 824 exscripto
462 743 506 823 (p.
519 742 586 818 63).
620 741 743 804 Locum
770 740 986 805 ecxxlxa
1001 741 1148 803 ‘allatum
1170 741 1287 805 eodem
1300 741 1399 805 modo

156 867 231 912 cum
256 865 320 911 non
341 848 444 928 possis
467 845 633 927 expedire,
658 847 793 910 fortasse
807 843 1397 929 veldelendasunt-voeabuladonch,

156 953 202 1015 ita
223 956 292 1014 uta
304 950 473 1013 vocabulis
489 948 600 1031 οὐγὰρ
616 946 707 1032 θέμις
720 967 913 1030 responsum
925 954 1034 1012 sumat
1047 950 1185 1032 initium,
1206 950 1261 1012 vel
1272 950 1400 1012 interci-

158 1055 243 1119 disse
252 1055 415 1118 vocabula
427 1053 488 1114 ούιι
498 1050 738 1134 εἰσπορεύονται
752 1053 951 1117 censendum
960 1057 1017 1129 est,
1029 1053 1229 1123 vocabulum
1240 1053 1278 1115 ού
1287 1056 1398 1116 autem

159 1176 269 1222 errore
292 1158 342 1221 bis
365 1174 436 1219 esse
457 1158 624 1240 seriptum,
647 1157 694 1218 Ita
715 1160 751 1218 ut
776 1155 951 1236 legendum
974 1156 1034 1218 sit:
1068 1155 1129 1216 σύκ
1152 1154 1399 1240 εἰσπορεύονται,

96 1257 99 1262 ’
160 1261 230 1346 ἔφη·
254 1261 291 1324 ού
316 1261 379 1345 γὰρ
401 1257 508 1343 θέμις
543 1278 630 1341 quae
659 1260 762 1323 verba
792 1261 915 1349 optime
943 1261 1140 1322 conveniunt
1162 1279 1237 1323 cum
1259 1261 1401 1325 auctoris

158 1363 393 1429 consuetudine
436 1363 553 1426 eadem
599 1361 699 1425 verba
742 1365 927 1444 repetentis.
995 1359 1114 1427 Nostro
1157 1383 1289 1448 quoque
1328 1365 1401 1427 loco

159 1470 279 1532 omissa
293 1486 365 1531 esse
380 1486 421 1530 ea
435 1468 606 1544 vocabula,
623 1486 710 1549 quae
726 1469 759 1530 ln
771 1470 917 1548 responsi
928 1469 1019 1532 Initio
1033 1475 1127 1532 erant
1137 1472 1278 1550 repetita
1290 1465 1361 1548 (acl
1370 1465 1401 1528 οιῐ

158 1570 247 1651 δόξαι
263 1574 317 1638 vel
338 1573 377 1654 νὴ
393 1567 451 1632 Δία
474 1569 529 1632 aul
548 1571 664 1650 αύτοιι),
687 1573 790 1652 possis
806 1575 976 1656 suspicari,
998 1575 1192 1654 praesertim
1217 1592 1292 1636 cum
1315 1574 1399 1635 haec
1469 1594 1472 1606 ·

160 1674 365 1741 antecedant:
413 1673 548 1757 πύτερον
586 1674 642 1738 σύν
684 1673 740 1736 καὶ
779 1673 841 1736 ece
875 1673 1127 1758 εἰσπορεύονται;
1173 1677 1211 1758 νὴ
1246 1672 1304 1737 Δία
1345 1673 1402 1738 καί

161 1778 233 1843 dds.
279 1775 373 1842 Haec
395 1780 422 1840 si
448 1779 635 1859 accipimus,
665 1779 697 1840 in
729 1778 889 1842 vocabulo
919 1776 978 1859 val,
1010 1778 1097 1862 quod
1128 1779 1227 1841 habet
1249 1774 1291 1863 V,
1320 1781 1401 1842 latet

163 1886 298 1949 fortasse
320 1884 496 1964 vestigium
520 1883 673 1945 vocabuli
695 1882 750 1964 νὴ·,
781 1882 868 1964 quod
885 1887 997 1946 autem
1010 1887 1162 1964 corrupta
1186 1888 1277 1946 erant
1299 1884 1403 1946 verba

161 1991 194 2052 in
217 1989 404 2072 archetypo,
429 1993 566 2068 uterque
588 1987 741 2050 librarius
765 1988 990 2068 transscripsit,
1020 2006 1107 2070 quae
1129 1992 1303 2069 potuerunt
1327 1989 1402 2071 legi,

160 2093 207 2154 ila
229 2095 339 2154 tamen
361 2095 396 2152 ut
418 2090 454 2174 is,
483 2091 541 2172 qui
562 2090 710 2153 codicem
734 2090 892 2174 exaravit,
922 2091 1014 2154 cuius
1035 2092 1263 2174 apographum
1287 2096 1335 2155 est
1359 2088 1400 2173 V,

161 2197 382 2276 ascripturae
416 2195 562 2275 vestigiis
596 2193 806 2258 coniectando
841 2201 1074 2277 assequeretur
1103 2197 1303 2260 vocabulum
1333 2197 1404 2278 ναί;

162 2297 294 2381 quodsi
316 2299 363 2360 ita
384 2299 453 2382 fuit,
476 2299 629 2360 subvenit
651 2300 690 2376 ei,
714 2318 814 2380 quam
839 2318 938 2379 supra
960 2301 1122 2383 proposui,
1146 2301 1289 2382 opinioni
1313 2304 1403 2382 prius

165 2421 207 2465 ex
228 2404 407 2482 archetypo
435 2420 506 2464 esse
534 2403 778 2483 transscriptnm
810 2401 966 2479 codicem,
997 2421 1105 2486 equo
1128 2404 1288 2485 originem
1311 2405 1406 2470 duxlt

166 2500 208 2582 V,
229 2523 329 2587 quam
352 2524 438 2582 eum,
461 2506 553 2567 cuius
576 2507 803 2587 apographum
827 2511 874 2569 est
897 2501 940 2571 A.

267 2644 314 2710 VI
338 2647 366 2707 1.
416 2645 518 2708 Locos
542 2663 623 2727 quos
646 2647 784 2708 tractavi
806 2664 919 2709 omnes
940 2646 968 2708 si
990 2646 1184 2725 consideras
1208 2652 1240 2710 et
1262 2649 1407 2730 poluisse

165 2748 360 2812 intercidere
374 2745 451 2815 in'A
465 2754 497 2812 et
512 2749 589 2812 addi
601 2751 634 2811 ln
644 2744 678 2815 V
690 2749 888 2813 vocabulum
900 2745 930 2811 τί
952 2749 1197 2814 eoncedendum
1209 2758 1272 2830 est;
1296 2758 1406 2815 tamen

166 2852 292 2915 facilius
317 2857 395 2932 puto
419 2855 578 2916 omissum
601 2873 672 2916 esse
693 2859 826 2935 propter
848 2855 1076 2936 insequentem
1099 2855 1240 2918 litteram
1264 2875 1293 2938 γ,
1327 2874 1403 2919 cnm

166 2957 199 3018 ln
221 2974 246 3019 c.
268 2955 327 3019 13
350 2958 450 3020 etiam
476 2959 642 3039 scripserit
671 2963 785 3021 auctor
806 2954 934 3039 πλῆθος
955 2977 984 3020 τι
1006 2965 1183 3041 roveredum
1214 2961 1271 3041 qui
1294 2965 1406 3023 tamen

165 3059 199 3122 iu
226 3078 252 3122 c.
275 3060 341 3122 XX
372 3061 391 3122 2
419 3063 537 3124 maluit
568 3061 666 3144 χορὸν
696 3067 864 3144 γυναικῶν.
908 3061 1026 3144 Itaque
1051 3064 1084 3124 in
1107 3064 1283 3143 archetypo
1307 3065 1407 3128 etiam

166 3164 328 3226 exstitisse
350 3163 480 3227 videtur
502 3165 702 3228 vocabulum
724 3184 761 3226 τι.

268 3284 321 3347 IX
343 3283 369 3348 l.
400 3283 476 3367 ὁρᾶς
505 3285 559 3348 ούν
590 3283 631 3360 ὡς
661 3285 700 3348 ἂν
720 3283 886 3369 παρὲλύης
909 3286 965 3368 τὴν
988 3283 1092 3369 πύλην
1115 3285 1231 3371 ταύτην
1255 3287 1403 3372 ἀνωτέρω

94 3388 99 3398 “
166 3383 266 3450 ἄλλον
282 3386 452 3473 περίβολον
469 3388 511 3465 ὡς
528 3390 565 3453 ἂν
581 3388 636 3450 καὶ
651 3397 805 3472 γυναῖκας
823 3389 882 3467 ἔξω
899 3395 955 3452 τού
978 3388 1151 3476 περιβόλου
1175 3389 1343 3475 ἑστηκυίας
1360 3390 1404 3460 Α.

270 3528 442 3592 Vocabula
464 3527 505 3604 ὡς
522 3529 559 3592 ἂν
577 3531 715 3610 repetita
731 3535 805 3592 ante
821 3527 877 3590 καὶ
892 3547 956 3592 non
977 3547 1073 3610 posse
1096 3531 1174 3592 ferri
1196 3531 1406 3593 manifestum

167 3636 223 3695 est.
268 3631 333 3695 Sed
363 3650 425 3719 non
456 3635 619 3713 glossema
654 3652 725 3696 esse
756 3633 828 3696 dico
860 3668 898 3678 -
931 3653 989 3695 cur
1017 3634 1105 3695 enlm
1137 3634 1217 3695 haec
1244 3633 1408 3695 vocabula

166 3735 373 3816 adscripserit
388 3736 516 3819 aliquis,
540 3738 674 3800 minime
690 3738 794 3819 liquet
809 3774 851 3781 —
867 3736 925 3799 sed
941 3737 1114 3800 aberrasse
1128 3742 1208 3817 puto
1231 3737 1404 3799 librarium

117 3898 120 3903 .
165 3839 313 3921 aquuem
332 3839 375 3901 ab
398 3840 501 3901 altero
524 3859 621 3902 versu
643 3840 687 3904 ad
709 3842 848 3903 alterum
865 3874 903 3886 -
919 3839 1006 3922 quod
1023 3841 1119 3903 facile
1131 3841 1236 3921 potuit
1248 3839 1407 3924 accidere,

164 3943 193 4005 si
215 3943 349 4025 quidem
372 3944 405 4023 in
427 3962 541 4006 versus
563 3946 654 4008 initio
677 3945 829 4026 fingimus
852 3947 952 4009 fuisse
974 3945 1094 4025 scripta
1116 3945 1175 4007 illa
1185 3943 1350 4006 vocabula
1364 3978 1407 3989 -

165 4047 293 4127 cognito
309 4053 421 4111 autem
432 4049 540 4111 statim
554 4067 665 4112 errore
680 4054 770 4112 recte
783 4050 967 4130 perrexisse
981 4048 1150 4112 vocabulis
1169 4045 1224 4108 καὶ
1238 4053 1404 4130 γυναῖκας.

165 4147 279 4233 Quare
294 4168 358 4213 non
374 4156 429 4229 cst,
463 4169 520 4213 cur
543 4153 711 4233 archetypi
733 4152 836 4215 verba
858 4153 1099 4233 repraesentari
1121 4148 1285 4219 codiceV
1311 4168 1407 4232 nege-

165 4273 248 4339 mus,
271 4273 347 4317 cum
361 4256 497 4319 fortasse
511 4256 538 4317 is
554 4256 633 4340 ipse,
656 4257 714 4338 qui
729 4255 875 4319 codicem
891 4253 927 4322 A
943 4255 1122 4336 descripsit,
1145 4254 1241 4317 illum
1258 4272 1403 4319 errorem

165 4356 348 4421 admiserit.
857 4367 858 4371 ’
1247 4362 1249 4367 ’

270 4480 349 4545 VIH
372 4482 400 4544 1.
432 4482 605 4547 Vocabula
637 4478 654 4542 d
689 4479 725 4542 δὲ
757 4479 857 4556 πολὺς
889 4478 989 4565 ὄχλος
1023 4479 1116 4556 ούτος
1151 4477 1274 4576 ύπερύ
1306 4479 1404 4574 οιύτὴν

165 4580 309 4668 ύστηκὼς
340 4586 501 4649 exstitisse
533 4588 566 4654 in
595 4585 707 4652 codice
736 4587 928 4665 archetypo,
956 4604 1049 4649 curn,
1066 4590 1206 4667 uterque
1235 4583 1342 4646 codex
1367 4602 1407 4644 ea

1207 4700 1230 4744 a
