3120 5040
675 456 882 551 45-

155 633 212 697 sed
235 633 357 696 lineola
372 631 571 714 superducta
586 633 660 692 sunt
681 628 798 693 deleta.
847 628 1011 692 Differunt
1026 634 1138 694 autem
1159 650 1287 712 manus,
1310 654 1397 717 quae

100 734 103 743 ⁴
156 738 226 801 Ael.
256 755 325 800 var.
354 737 424 799 hist.
447 735 618 816 descripsit
639 738 672 797 et
694 753 781 817 quae
803 732 946 798 indicem
971 734 1066 796 illum
1089 739 1282 823 composuit,
1313 741 1397 805 inter

155 859 200 918 se,
223 845 259 903 ut
281 839 371 903 haud
394 840 491 903 facile
513 840 616 920 possis
639 840 698 902 tibi
721 839 922 919 persuadere
949 840 991 903 ab
1016 840 1134 903 eodem
1159 839 1291 904 homine
1316 845 1398 907 haee

157 963 227 1008 esse
249 946 378 1026 scripta.

260 1047 428 1130 Quidquid
451 1051 564 1110 autem
596 1047 712 1110 statuis
734 1047 797 1111 hae
819 1047 853 1108 in
875 1064 926 1123 re,
961 1047 1023 1109 hoe
1044 1051 1134 1110 certe
1156 1048 1286 1113 videtur
1309 1058 1397 1116 reete

156 1169 193 1216 se
218 1153 341 1215 habere
363 1152 566 1214 ineunte
588 1151 719 1216 saeculo
735 1151 823 1215 XVI.
852 1152 938 1214 hune
964 1151 1110 1214 codicem
1127 1170 1200 1215 esse
1215 1160 1397 1219 exaratum.
1500 1193 1503 1199 ·

259 1255 392 1319 Addere
430 1238 526 1318 lieeat
563 1257 596 1319 in
636 1255 753 1319 eodem
789 1253 898 1319 indice
935 1253 978 1317 de
1015 1251 1138 1319 Oebete
1176 1257 1259 1320 haee
1293 1259 1396 1322 tradi:

155 1356 288 1444 κέβητος
310 1366 367 1422 τοῦ
389 1356 528 1444 dedatur)
552 1356 660 1436 πίναξι
683 1357 854 1442 γράμματα
875 1365 932 1421 τοῦ
955 1355 1059 1420 καλοῦ
1083 1356 1285 1443 λασκάρεωςε
1312 1363 1397 1426 unde

155 1465 189 1525 in
208 1463 351 1526 indieem
373 1464 476 1527 latine
497 1466 714 1546 conscriptum
737 1468 940 1545 assumptum
960 1463 1065 1527 illud:
1094 1485 1188 1548 quum
1203 1486 1301 1529 runnu
1316 1466 1398 1530 Jam·

157 1565 309 1631 Laetaris
331 1565 522 1652 descriptam
546 1567 758 1652 conjiciam).

139 1687 142 1690 ’
259 1672 437 1734 Praeterea
468 1672 488 1735 f.
513 1674 563 1754 1⁰,
592 1673 625 1734 in
656 1690 722 1754 quo
744 1671 876 1736 cebetis
907 1673 1174 1757 tabulevineipit²
1203 1675 1237 1736 in
1266 1694 1398 1739 summa

155 1776 304 1856 margine
326 1774 445 1839 eadem
460 1795 585 1859 manus,
609 1776 651 1839 de
667 1795 734 1858 qua
748 1795 848 1858 supra
871 1775 948 1855 dixi,
971 1777 1205 1841 adnotaverat:
1227 1780 1280 1842 Au
1296 1777 1397 1844 Manu

156 1877 291 1962 Masuri,
324 1878 383 1942 sed
415 1881 585 1944 vocabulis
608 1880 661 1943 Aa
692 1884 723 1943 et
746 1870 875 1944 Masuri
902 1882 1024 1944 lineola
1052 1881 1250 1963 superducta
1280 1885 1397 1949 deletis

156 1983 223 2046 alia
255 1983 384 2046 videtur
417 2003 534 2047 manus
557 1986 761 2066 apposuisse:
796 1984 829 2049 J.
852 1985 1012 2049 Luseuris.
1058 1984 1155 2068 Quod
1177 2007 1256 2051 num
1280 2009 1395 2054 verum

156 2088 205 2164 sit,
227 2088 260 2150 iu
283 2088 392 2153 medio
415 2090 610 2172 relinquam.

258 2191 323 2255 Sed
345 2195 413 2255 iarn
434 2192 675 2274 aggrediamur,
699 2193 787 2275 quod
810 2195 903 2257 nobis
925 2195 1164 2278 proposuimus,
1186 2214 1225 2257 ac
1241 2215 1328 2278 quae
1347 2216 1398 2261 eo-

156 2293 266 2357 dieum
289 2314 389 2376 supra
411 2295 620 2360 laudatorum
643 2298 684 2359 sit
706 2298 798 2375 ratio,
822 2316 1032 2379 quaeramus.
1405 2321 1406 2324 ¹

262 2692 287 2761 ¹)
322 2691 563 2761 Schweigh.1798.
576 2693 660 2762 praes.
672 2709 697 2762 p.
707 2692 802 2748 CXXI.
814 2692 895 2748 Dros.
906 2695 990 2763 prees.
1000 2711 1025 2764 p.
1037 2693 1083 2748 IV.
1096 2695 1180 2750 Gron.
1192 2695 1275 2764 praes.
1288 2712 1313 2765 p.
1323 2698 1354 2728 *⁵
1367 2696 1392 2750 3.
