3120 5040
558 427 881 554 ...cn-

154 649 187 712 ΙΙ
210 646 230 710 3
251 645 308 709 καί
329 597 499 727 &lamsaci
521 660 560 725 γε
578 640 638 725 ἔφη
651 639 748 703 αύτδν
802 637 859 700 καὶ
882 632 1053 720 ἐύαύμασά
1076 655 1114 720 γε
1138 634 1198 720 ἔφη
1223 635 1320 700 αύτδν
1342 654 1400 698 πο·
1480 626 1484 634 ’

198 746 423 835 πολυχρονιώτ
459 762 552 810 οοιυν
564 742 673 808 πολλὰ
686 745 748 828 γαρ
846 741 904 807 λὺν
935 741 1052 826 χρόνον
1081 738 1233 844 νεώτερος
1266 742 1329 824 γὰρ
1357 739 1400 802 ὢν

198 854 256 918 καὶ
278 851 438 917 σπουδαῖα
460 847 619 933 διελέγετο
642 845 677 918 A
844 843 952 909 πολλα
960 844 1015 908 καί
1028 832 1187 908 σπουδαῖα
1196 842 1280 907 διελ
1265 839 1401 928 ἑγετον

262 1163 472 1230 Vocabulum
506 1161 570 1245 γὰρ
603 1162 838 1242 transpositum
871 1179 942 1224 esse
976 1160 1155 1224 alibrario
1177 1161 1309 1245 aliqua,
1344 1162 1402 1244 qui

161 1269 322 1333 uocabula
339 1264 493 1348 νεώτερος
518 1264 561 1329 ών
585 1264 812 1346 coniungenda
835 1283 907 1327 esse
929 1266 1054 1327 censuit
1076 1283 1151 1328 cum
1176 1265 1278 1328 vccbc
1301 1263 1400 1328 διελε-

156 1391 248 1457 γετο,
278 1372 489 1436 manifestum
524 1374 580 1432 est
625 1367 805 1450 Quaeritur
826 1374 952 1446 autem,
985 1367 1065 1450 quid
1099 1386 1161 1450 pro
1181 1365 1401 1453 πολυχρονιώ-

155 1470 247 1559 τερος
270 1476 341 1537 sive
363 1462 689 1555 πολυχρονιώτατος,
724 1471 867 1553 quadiu
891 1467 924 1537 A
954 1470 1083 1534 videtur
1111 1473 1269 1553 scriptum
1292 1474 1402 1555 fuisse,

157 1575 338 1643 velucitus
361 1575 478 1661 χρόνον
501 1572 672 1657 νεώτερος,
706 1574 795 1657 quod
818 1571 852 1643 V
875 1577 993 1660 habet,
1026 1577 1058 1636 in
1087 1576 1259 1657 utriusque
1289 1577 1402 1641 codice

157 1683 339 1764 archetypo
357 1682 526 1744 .exstitisse
547 1685 720 1761 putemus,
757 1697 830 1742 cum
865 1698 927 1743 nee
961 1675 1138 1745 codicisA
1169 1680 1332 1760 scriptura
1361 1685 1403 1748 sit

156 1789 291 1868 integra.
325 1785 499 1848 Facillime
521 1801 600 1846 sane
621 1783 794 1864 utriusque
817 1784 941 1847 codicis
960 1785 1123 1866 scriptura
1142 1789 1215 1846 arta
1237 1790 1286 1846 est
1309 1804 1328 1849 e
1348 1805 1402 1850 vo·

158 1890 285 1954 cabulis
307 1885 524 1972 πολυχρόνιον
546 1883 700 1969 νεώτερος
723 1885 788 1968 ov,
821 1889 849 1967 si
882 1887 1018 1971 quidem
1051 1891 1084 1951 in
1107 1886 1142 1955 A
1176 1890 1300 1952 exstitit
1321 1890 1401 1954 olim

158 1989 469 2078 πολυχρονιώτερος.
516 1991 549 2054 si
572 1995 685 2053 autem
707 1987 1017 2075 πολυχρονιώτατος,
1039 1999 1154 2057 netum
1177 2013 1249 2057 esse
1272 1994 1402 2059 videtui

159 2097 377 2162 caccabulis.
392 2091 693 2179 πολυχρονιώτατον
716 2090 869 2178 νεώτερος
893 2096 946 2158 vel
969 2093 1040 2172 νέος
1064 2095 1107 2161 ὢν
1136 2099 1232 2161 vele
1261 2102 1402 2164 vocabu-

158 2201 198 2264 lis
220 2197 436 2285 πολυχρόνιον
460 2196 617 2273 νεώτατος
640 2196 700 2276 ὢν,
722 2217 740 2263 e
762 2200 882 2281 quibus
905 2202 1072 2282 quomodo
1093 2208 1248 2283 corrupta
1269 2205 1335 2290 sint,
1348 2224 1402 2267 vo

160 2305 280 2370 cabula
301 2301 404 2368 πολύν
428 2302 549 2388 χρόνον,
568 2299 732 2385 νεώτερος,
755 2322 820 2367 non
842 2304 962 2388 liquet3
999 2322 1111 2388 quare,
1133 2306 1161 2368 si
1183 2326 1221 2369 re
1243 2326 1324 2370 vera
1344 2328 1402 2370 πο-

162 2405 416 2494 λυχρονιώτατος
451 2409 575 2473 exstitit
607 2408 641 2469 in
665 2402 717 2485 A,
754 2408 812 2471 illa
833 2409 997 2473 vocabule
1019 2409 1233 2492 casualiquo
1256 2409 1403 2475 difficilia

163 2513 261 2576 tuisse
282 2513 370 2576 lectu
393 2511 602 2576 statuendum
628 2514 660 2574 et
682 2528 769 2595 eum,
791 2511 849 2593 qui
871 2511 1027 2591 codicem,
1061 2515 1152 2576 cuius
1175 2516 1402 2597 apographum

162 2620 210 2680 est
230 2611 274 2695 A,
309 2617 471 2699 exaravit,
504 2615 681 2697 scripsisse,
716 2632 804 2696 quae
825 2620 1001 2697 potuerunt
1023 2618 1098 2703 legi,
1121 2636 1209 2681 eum
1232 2623 1354 2703 autem,
1384 2639 1403 2683 e

160 2721 253 2796 cuius
264 2720 449 2802 exemplari
460 2715 494 2787 V
506 2720 733 2800 transscriptus
746 2723 802 2796 est,
826 2721 1038 2784 coniectando
1049 2720 1213 2784 studuisse
1224 2723 1415 2786 emendans.

147 2823 277 2890 locum.
308 2824 441 2905 Exipso
465 2824 537 2887 loco
559 2824 586 2886 si
609 2824 809 2907 quaerimus,
831 2823 1230 2906 qnaes'cripscritauctor,
1255 2828 1403 2889 maxime

158 2945 239 2990 sane
260 2927 390 3008 placeat
412 2925 574 2990 vocabule
596 2921 905 3010 πολυχρονιώτατον
920 2924 990 3003 νέος
1015 2927 1069 3010 ὢν,
1092 2946 1297 3011 quemquam
1323 2931 1399 2992 laci-

159 3029 225 3093 lius
241 3034 348 3112 potest
362 3030 521 3110 explicari
537 3029 698 3117 scriptura
720 3025 935 3112 πολυχρόνιον
950 3028 1103 3114 νεώτερος
1126 3030 1181 3112 ov,
1204 3050 1305 3113 quam
1329 3050 1403 3101 con·
1470 3030 1473 3035 ’

160 3134 287 3199 iectura
309 3139 477 3198 assecutus
500 3137 551 3198 est
571 3133 610 3197 H.
632 3134 765 3213 Sauppe
793 3134 841 3214 (p.
863 3135 949 3213 772).
1004 3133 1094 3199 Cum·
1112 3136 1212 3216 igitur
1233 3137 1273 3199 in·
1290 3137 1403 3201 codice

159 3235 195 3303 A
227 3256 293 3301 nou
324 3239 487 3302 exstitisse
515 3238 715 3302 vocabulum
738 3233 1035 3321 πολυχρονιώττρος
1057 3257 1122 3302 non
1136 3241 1245 3320 possit
1267 3241 1403 3326 ostendi,

160 3344 193 3405 in
233 3342 346 3407 codice
380 3343 561 3424 archetypo
600 3343 701 3405 tuisse
733 3344 902 3423 scriptum¹
922 3339 1138 3426 πολυχρόνιον
1172 3342 1325 3428 νεώτερος
1358 3344 1403 3407 ών

159 3447 260 3508 satius
284 3451 331 3509 est
355 3452 481 3527 putare
523 3446 579 3509 Ita
595 3449 708 3508 cutem
730 3447 758 3509 si
781 3464 961 3531 censemus,
983 3465 1045 3510 nec
1065 3447 1212 3512 codicem
1236 3445 1285 3516 A
1283 3443 1402 3515 necV

159 3567 278 3613 verum
301 3550 457 3614 hocloco
480 3568 639 3627 servasse,
661 3549 719 3613 sed
744 3568 763 3613 e
785 3547 977 3632 comparate
988 3552 1160 3634 utriusque
1170 3551 1292 3616 codtms
1303 3570 1404 3634 scrip

160 3659 236 3717 tura
257 3655 408 3735 cognosci
430 3659 578 3736 apparet

263 3809 311 3875 IV
333 3810 363 3874 3
408 3806 425 3871 δ
455 3807 491 3872 δὲ
522 3807 629 3895 γέρων
660 3808 677 3873 δ
703 3810 768 3875 ιἰνιυ
793 3808 935 3897 ἑστηκώς
965 3802 1050 3898 ἔχων
1074 3810 1195 3912 χαρτην
1217 3813 1285 3878 τινα
1308 3810 1342 3878 ἐν
1364 3821 1402 3899 τῇ

161 3910 258 4038 χειρὶ
272 3911 328 3976 καὶ
358 3921 395 3997 τῆ
427 3904 519 3997 ἑτέρα
542 3913 649 3999 ὥσπερ
673 3912 825 3980 δεικνύων
848 3935 876 3979 τι
899 3917 991 3992 οὗτος
1016 3902 1134 4001 δαίμων
1158 3915 1304 3989 καλεῖται
1325 3939 1403 4004 προ-

162 4015 285 4080 στάττει
299 4015 404 4083 δὲῖ
352 4025 418 4093 τοῖς
441 4016 716 4108 εἰσπορευομένοις
737 4016 767 4082 τί
789 4016 838 4081 δεῖ
825 4019 974 4096 ῖαύτους
998 4028 1099 4085 ποιεῖν
1123 4019 1166 4097 ὡς
1190 4022 1228 4085 ἂν
1252 4018 1403 4086 ecceles-

162 4139 210 4183 σιν
233 4118 277 4196 εἰς
297 4120 353 4184 τδν
376 4119 443 4206 βίον
466 4119 522 4183 καί
544 4120 680 4186 δεικνύει
702 4119 797 4187 ποίαν
822 4120 896 4186 δδδν
920 4121 1035 4200 αυτούς
1060 4117 1110 4186 δεῖ
1130 4122 1268 4211 βαδίζειν
1292 4125 1319 4189 εἰ
1343 4124 1403 4189 σώ-

161 4221 277 4300 ζεσθαι
300 4221 469 4307 μέλλουσιν
493 4223 526 4288 ἐν
548 4233 593 4290 τώ
616 4224 673 4312 βίω
696 4224 739 4296 V.

266 4377 396 4444 Codicis
417 4377 451 4449 V
472 4383 670 4464 scripturam
690 4386 796 4448 solam
817 4385 846 4448 si
867 4389 1012 4469 spectas,
1043 4387 1254 4454 manifestum
1276 4387 1335 4451 tibi
1357 4388 1404 4450 vi-

132 4493 133 4496 ’
163 4482 250 4548 daris
273 4483 520 4565 deprehendere
542 4480 720 4572 glossema,
742 4488 943 4552 vocabulum
966 4487 1102 4553 δεικνύει
1123 4490 1205 4569 dico,
1227 4492 1404 4573 repetitum
1472 4493 1473 4496 ’

102 4592 105 4597 ’
164 4604 209 4653 cx
229 4588 436 4654 antecedenti
457 4587 619 4672 δεικνύων,
648 4593 697 4656 ita
718 4596 755 4654 ut
776 4591 987 4656 scribendum
1010 4613 1082 4659 csse
1105 4594 1194 4660 dicas
1216 4591 1404 4677 προστάττει
