3120 5040
665 475 885 538 ..51-

152 656 216 717 siut
237 648 485 734 interpretanda
505 600 627 731 rerba3
650 649 807 711 facillime
830 652 865 710 ut
887 647 995 712 deleta
1010 648 1172 713 voeabula
1188 647 1251 732 ἄρα
1277 650 1400 715 scribas

156 756 240 833 εἰκός
262 775 301 840 γε
324 753 362 817 ἐκ
383 751 498 817 τούτου
523 759 581 815 τοῦ
604 751 723 837 λόγου,
757 752 921 817 inducaris
943 758 1077 835 propter
1095 753 1243 817 iocorum
1259 754 1400 819 duorum

156 861 414 940 similitudinem,
437 859 494 941 qui
506 862 637 921 exstant
650 856 809 921 XXXV1
828 853 974 940 οὐδαμῶς
997 854 1140 939 φαίνεται
1162 855 1200 920 ἐκ
1212 856 1327 922 τούτου
1342 863 1400 922 τοῦ

157 963 268 1049 λόγου.
292 961 377 1027 ἀλλὰ
398 961 427 1026 τί
449 961 543 1044 ἐστιν,
567 961 645 1046 ἔφην
669 959 744 1045 ἐγὼ,
767 960 803 1023 τό
820 959 918 1023 αἴτιον
927 996 979 1023 -.
1003 959 1108 1025 XLI1
1124 960 1285 1048 συμβαίνει
1298 963 1399 1039 οὕτως

160 1067 197 1131 ἐκ
213 1050 333 1132 Ῑτοότου
354 1072 410 1130 τοῦ
434 1064 544 1150 λόγου.
570 1062 645 1128 ἀλλ’
667 1061 743 1127 οὐδὲ
765 1064 801 1128 τό
825 1071 951 1148 φρονεῖν
974 1083 1012 1147 γε
1034 1101 1086 1127 -.
1115 1066 1178 1130 Sed
1201 1061 1400 1131 offendimur

160 1192 216 1258 ae,
249 1170 336 1256 quod
371 1189 392 1236 a
424 1169 588 1234 vocabule
613 1166 687 1231 οὐδὲ
710 1169 823 1250 incipit
844 1169 1075 1250 interrogatio,
1109 1189 1185 1232 eum
1217 1171 1290 1234 aliis
1322 1172 1402 1234 loeis

161 1277 385 1359 praepositum
418 1259 459 1338 sis
491 1274 609 1341 οοκοον
643 1273 884 1351 (xxxvure
918 1272 1050 1337 οοκοου
1068 1270 1143 1336 οὐδὲ
1164 1273 1201 1336 το
1224 1272 1402 1338 ἀποθανεῖν

157 1378 260 1444 κακόν
284 1377 379 1442 ἐστιν.
440 1378 590 1441 XXXIX
613 1379 632 1442 2
656 1377 774 1457 οὐκοῦν
798 1374 890 1440 οὐδὲν
913 1375 1035 1453 τούτοις
1059 1376 1076 1439 ό
1099 1374 1238 1453 πλοῦτος
1264 1375 1401 1463 βοηθεῖ.)

158 1485 214 1547 vei
235 1480 371 1566 πότερον
394 1480 557 1560 (XXXIV
580 1483 598 1543 1
621 1478 756 1563 πότερον
780 1471 864 1543 οὐδὲ
878 1478 1071 1566 προέχουσιν
1099 1517 1142 1528 -
1168 1481 1247 1564 πρός
1269 1482 1305 1545 τό
1330 1478 1401 1567 βελ-

157 1584 243 1662 τίους
272 1581 438 1673 γενέσθαι)
446 1630 460 1663 ,,
492 1601 538 1649 ,eo
567 1572 679 1651 autem
712 1585 801 1661 1000,
835 1585 893 1648 ubi
928 1589 1099 1665 praeterea
1131 1581 1207 1648 οὐδὲ
1239 1586 1273 1648 in
1304 1586 1426 1649 iuter·-

159 1685 337 1772 rogatienis
359 1689 450 1752 initio
478 1692 526 1752 est
551 1690 715 1773 positum,
747 1689 967 1770 subsequatur
993 1688 1056 1772 ἄρα
1088 1689 1296 1767 (XXXIX4
1327 1687 1403 1754 οὐδὲ

160 1790 311 1878 συμφόρει
350 1791 438 1875 ἄρα).
511 1791 631 1871 Libere
674 1793 774 1873 igitur
818 1810 873 1855 me
911 1792 957 1864 de¹
991 1793 1053 1856 hae
1089 1811 1126 1857 re
1170 1811 1233 1856 nou
1279 1794 1404 1859 audere

89 1976 93 1982 ,
160 1898 320 1962 iudicium
339 1897 450 1982 faeere
464 1895 635 1979 profitear3
657 1894 820 1978 quidquid
842 1901 955 1962 autem
976 1897 1101 1974 statuis,
1122 1891 1284 1965 eodieisO
1305 1899 1403 1980 serip-

163 2008 256 2079 tura,
287 1983 374 2085 quaa
400 1998 506 2089 ¹malda
541 1999 668 2080 placet,
702 2016 745 2062 ex
771 2000 911 2063 hominis
932 2000 1071 2063 alieuius
1093 1999 1180 2065 docti
1201 2003 1333 2084 ingenie
1356 2008 1405 2067 est
1466 1999 1468 2002 ’

163 2111 234 2169 erte
257 2122 365 2189 neque
386 2120 444 2186 pro
468 2103 640 2184 archetypi
662 2103 800 2184 vestigio
823 2102 986 2166 habenda
1029 2104 1071 2168 X.
1091 2100 1225 2187 Sauppe
1248 2109 1293 2188 (p.
1316 2107 1404 2187 776),

163 2196 251 2292 duod
274 2209 395 2274 radicis
419 2200 447 2274 C
474 2209 528 2272 vei
551 2209 659 2290 potius
681 2208 851 2289 vulgatam
874 2209 1070 2289 scripturam
1092 2211 1126 2271 in
1147 2210 1252 2273 verba
1273 2227 1405 2291 rerepe-

164 2314 369 2377 ratDrosihn
392 2314 484 2376 nulla
505 2314 687 2394 scripturae
705 2311 925 2394 discrepantia
939 2311 1112 2399 adscripta,
1134 2329 1194 2379 suo
1215 2314 1288 2376 iure
1309 2331 1405 2378 vaca·

163 2419 242 2482 buia
263 2414 438 2486 taraiasa
462 2415 525 2498 ἄρα
548 2421 605 2478 τοῦ
628 2411 729 2497 λόγου
753 2433 829 2478 aum
851 2415 1010 2496 proximis
1032 2417 1159 2478 sensuit
1181 2433 1253 2481 esse
1273 2417 1405 2481 coniun-

164 2522 281 2604 genda.
592 2597 594 2600 ¹

226 2617 229 2624 '
265 2621 424 2707 Superest
445 2624 536 2688 loeus
559 2640 578 2686 e
601 2642 627 2686 a.
649 2623 699 2686 III
720 2624 738 2684 1
762 2623 953 2704 exscriptus.
1001 2622 1066 2686 Sed
1088 2643 1163 2686 eum
1186 2625 1316 2690 codices
1339 2622 1408 2694 BR

73 2782 75 2787 ,
163 2722 277 2798 [two
300 2730 396 2793 unius
412 2713 591 2810 'archetypi
613 2745 685 2792 assa
707 2729 898 2808 apographa
919 2727 1129 2791 manifestum
1151 2731 1212 2808 sit,
1247 2748 1289 2794 ue
1322 2731 1407 2794 hana

164 2830 300 2914 quidem
322 2834 518 2915 scripturam
551 2850 595 2895 ex
616 2832 794 2913 integriore
814 2829 928 2894 codiee
951 2847 1024 2893 asse
1046 2836 1213 2914 receptam
1236 2835 1270 2896 in
1292 2830 1407 2901 ch

165 2941 214 2996 est
254 2935 443 3000 tenendum·
501 2935 613 3018 Quare
646 2936 753 2998 solum
788 2933 934 2997 codicem
972 2929 1007 3001 V
1050 2953 1230 3017 sequamur
1271 2944 1407 3020 oportet,

164 3056 264 3120 quem
298 3036 501 3123 reliquorum
538 3058 609 3103 esse
645 3040 861 3120 archetypum
903 3039 1004 3100 etiam
1045 3056 1084 3102 ao
1118 3042 1220 3120 possis
1254 3043 1406 3123 probare,

164 3142 261 3223 quod,
285 3160 372 3225 quae
395 3163 437 3208 m.
459 3144 502 3207 ΙΙ.
521 3147 596 3206 suut
618 3142 768 3222 addita¹),
797 3161 838 3205 ea
849 3143 969 3224 reliqui
984 3143 1181 3226 plerumque
1190 3146 1312 3210 habent
1322 3149 1407 3210 iuter

164 3248 304 3309 auctoris
321 3248 439 3333 rerba,
461 3249 494 3312 hi
517 3252 629 3310 autern
651 3265 813 3329 nusquam
837 3247 935 3327 plura
958 3242 1101 3328 quamV
1113 3250 1274 3330 praebent
1296 3252 1407 3330 verba,

168 3403 580 3416 ———...-—-

270 3523 292 3592 ¹]
310 3523 342 3575 ei.
360 3527 470 3592 praeter
489 3523 564 3577 loeas
583 3540 608 3592 p.
625 3522 666 3576 48.
684 3523 718 3574 52
737 3523 849 3577 allatas:

440 3629 472 3684 V
922 3630 1294 3691 v²LBRDWPOK

163 3731 191 3784 II
209 3732 224 3783 2
243 3734 372 3801 ἀνάθημα
813 3737 943 3803 ἀνάθημα
961 3738 1034 3788 ἀλλὰ

164 3820 205 3871 111
224 3821 239 3871 1
257 3824 381 3890 ἐξήγησις
813 3824 830 3888 ἡ
850 3825 974 3891 ἐξήγησις

164 3905 204 3957 IV
223 3907 238 3958 2
258 3910 341 3976 όχλος
759 3955 761 3958 ⁴
814 3914 932 3979 όόχλος

166 3995 286 4050 Visst
812 4002 860 4050 κοιλ
878 4002 906 4050 ἐν
963 4016 966 4021 ⁴

165 4083 191 4135 V
208 4084 232 4138 2.
252 4083 317 4135 XIX
334 4085 352 4138 4
369 4089 450 4154 ἑαυτῆ
567 4131 570 4136 .
814 4087 911 4152 ἑαυτῆς

165 4171 206 4223 VI
224 4171 240 4222 3
257 4176 305 4225 καὶ
678 4194 684 4224 :
813 4178 861 4225 καὶ
880 4177 918 4236 εἰς

165 4256 219 4309 VII
237 4257 253 4308 2
272 4261 380 4324 βεβαίως
458 4318 461 4322 ,
815 4263 943 4325 ἀβεβαίους

165 4344 205 4396 IX
223 4346 241 4399 4
257 4351 368 4414 τιμωρία
813 4353 846 4414 τῆ
864 4350 973 4413 τιμωρία

166 4431 233 4483 XVI
250 4432 266 4483 2
285 4437 334 4486 οἰσὶ
815 4438 863 4485 εἰσί
881 4436 911 4485 δὲ

166 4516 233 4569 XIX
251 4517 267 4568 2
284 4521 371 4571 πάντα
814 4521 900 4571 πάντα
918 4522 951 4572 τὰ

167 4602 232 4656 XIX
249 4603 270 4656 4
285 4609 349 4660 όταν
815 4609 878 4658 όταν
896 4621 935 4671 τις
