3120 5040
709 448 898 510 ..2-

291 619 357 682 Sed
390 620 443 682 hie
476 627 541 682 uon
570 621 604 682 in
631 621 743 683 auimo
775 624 824 684 est
852 622 1036 684 accuratius
1062 621 1146 684 bane
1174 640 1244 685 rem
1277 627 1427 698 tractare,

187 724 301 804 paucis
321 729 448 786 tantum
464 725 633 805 attingam,
655 725 822 788 Fortunae
842 726 1020 788 simulacra
1042 727 1076 787 in
1098 726 1197 806 globo
1218 725 1427 804 collocatae')

188 844 254 909 quo
275 828 418 908 primum
441 831 589 908 tempure
611 825 784 891 videantur
804 829 992 906 desudata,
1025 827 1255 910 inquirendum
1279 830 1372 892 nubis
1394 834 1428 892 et

187 930 335 993 locorum
356 931 531 1014 similium,
552 932 610 1012 qui
631 930 719 1012 apud
742 929 945 1011 Platonem²J
967 933 1049 995 alios
1072 950 1136 994 non
1157 933 1253 1012 penei
1275 931 1428 995 videntur

188 1040 327 1118 exstare,
349 1053 422 1098 esse
443 1036 605 1098 rationem
628 1034 825 1098 habendam

292 1139 400 1202 Aubea
413 1140 510 1215 enim,
532 1137 621 1220 quod
636 1139 800 1221 reliquum
818 1144 874 1216 esi,
897 1157 984 1222 quae
999 1141 1063 1202 arti
1077 1142 1208 1203 criticae
1229 1140 1303 1201 huie
1314 1139 1428 1202 libello

188 1241 396 1306 adhibendae
417 1245 545 1304 exstent
573 1241 730 1326 subsidia,
751 1262 959 1325 quaeramus,
981 1245 1176 1324 aeprimum
1192 1243 1335 1326 quidem,
1357 1243 1428 1324 qui·

188 1347 250 1411 bus
272 1346 381 1417 adhuc
401 1348 466 1410 sint
487 1348 540 1409 usi
561 1347 625 1409 viri
647 1345 742 1424 dueti,
763 1365 973 1428 exponamus.

295 1779 317 1849 ¹)
353 1795 374 1831 e.
391 1778 445 1830 VII
464 1778 514 1847 1,3.
530 1778 624 1830 XXIX
641 1779 664 1832 3,
690 1810 726 1820 -
755 1780 787 1831 ei
812 1778 906 1831 locum
929 1777 1104 1830 simillimum
1128 1794 1143 1828 e
1166 1777 1287 1829 Pacuvio
1311 1776 1427 1828 allatum

190 1867 220 1918 in
239 1864 353 1917 Rhetor.
371 1865 407 1916 ad
424 1865 544 1920 Herenn.
562 1865 588 1916 II
607 1866 654 1935 22,
679 1866 720 1918 36.
756 1865 838 1934 Trag.
860 1865 907 1918 lab
930 1864 978 1933 rel.
995 1864 1037 1916 ed
1054 1864 1085 1916 0.
1102 1864 1236 1916 Ribbeck
1271 1861 1428 1932 Lps1852.

190 1969 215 2021 p.
233 1951 285 2003 104
301 1966 343 2019 sq.
378 1951 472 2004 Seaen.
489 1952 569 2004 Roun
591 1955 682 2021 poesis
699 1953 798 2021 iragnn
815 1968 866 2003 sec.
884 1967 939 2004 eur.
958 1967 1009 2003 rec.
1027 1951 1057 2003 0.
1075 1949 1247 2002 Ribbecan
1274 1949 1428 2018 Lps.1871.

190 2057 215 2109 p.
234 2039 285 2090 124
301 2053 362 2106 sqq.
379 2037 506 2090 Ribbeck
524 2039 550 2091 d
568 2054 653 2091 roenn
671 2037 753 2106 Trag.
769 2039 810 2090 im
829 2037 959 2090 Zeitalter
979 2038 1005 2090 d.
1022 2037 1089 2106 Rep.
1107 2036 1170 2105 Lpn
1191 2036 1265 2089 1875.
1283 2054 1309 2105 p.
1319 2037 1371 2087 251
1388 2052 1428 2104 aq.

293 2161 318 2231 ²)
352 2160 396 2214 Fr.
404 2159 558 2230 G.Klopier
567 2161 601 2213 de
607 2159 717 2213 Cebetis
734 2161 831 2213 tabula
848 2159 1034 2212 dissertatieL
1041 2159 1208 2212 Zwieeaviae
1219 2158 1293 2210 1818.
1311 2159 1425 2226 Prgr.1n

189 2247 214 2299 9.
226 2247 259 2298 15
270 2261 331 2314 sqq.
349 2245 389 2298 23.
406 2278 442 2288 -
459 2247 490 2298 ci.
502 2247 570 2315 nep.
588 2247 620 2300 X
638 2263 663 2315 p.
680 2246 733 2298 614
749 2263 810 2316 sqq.
827 2262 911 2315 quem
928 2246 1021 2298 locum
1036 2236 1096 2299 'ism
1115 2246 1148 2298 IL
1161 2246 1240 2299 Wolf
1253 2246 1303 2298 alii
1314 2243 1425 2298 cebetis

190 2333 360 2386 editionibus
377 2333 554 2386 addiderunt.
