3120 5040
670 486 881 548 ..81-

211 659 234 711 Ε
251 658 347 712 Οοιυίε
365 657 485 710 editione
504 660 613 725 praeter
631 656 705 720 locos
723 669 807 721 supra
819 655 857 722 [p.
868 652 909 703 41.
920 652 961 704 67.
972 653 1019 721 80)
1037 654 1191 719 exscriptos
1204 654 1254 705 hos
1269 656 1398 726 afleram3

156 764 184 816 p.
194 747 250 798 144.
261 744 298 796 VI
309 745 332 797 3.
350 749 386 809 ὡς
403 743 597 812 περιάγοντας]
668 743 744 805 Ἴσως
761 744 937 806 περιαιρετέον
955 743 985 792 τό
1004 743 1198 806 όμοιωματικόν
1218 746 1307 806 μόριον
1326 741 1398 811 (ὡς).

156 850 228 901 -p
238 832 296 883 145.
306 830 357 881 XV
369 831 391 883 1.
410 830 591 899 έπικατοικεῖ]
611 830 741 890 Ὑποπτος
758 830 775 894 ἡ
795 829 921 889 σιἰνθεσις·
935 829 1017 892 τοίιτῳ
1036 830 1088 893 γὰρ
1105 832 1152 879 καί
1170 831 1241 894 μόνῳ
1257 834 1303 880 τοῦ
1316 830 1399 895 Κέβη·

155 937 204 983 τος
221 925 257 985 τῷ
276 922 364 985 χωρίῳ
384 919 577 984 μεμαρτὺρητοιι
600 919 630 967 τό
654 921 705 966 τῶν
730 916 937 980 Αεξικογράφων
966 915 1205 966 Ἔπικοιτοικῶ.
1241 916 1318 978 Ἴσως
1342 919 1399 982 ἐγέ-

95 1017 99 1023 “
156 1022 270 1073 γραπτο,
287 1004 357 1055 Ἔτι
384 1004 578 1071 κατοικεῐ.1]
595 1032 630 1042 -
648 1017 672 1068 p.
690 999 748 1052 146.
766 998 831 1049 XIX
850 999 873 1051 2.
892 1001 937 1062 Ὦς
955 1002 996 1065 ἀν,
1013 1004 1036 1050 εί
1051 1017 1089 1063 τις
1117 1002 1322 1052 ΦΙΛΟΘΟΙΝΟΣ
1349 1004 1400 1055 κά-

125 1147 133 1163 ,
158 1109 230 1158 μνων
250 1089 390 1159 έτίιγχοινε]
410 1092 482 1142 Οὕτω
501 1091 629 1155 διώρθουν
648 1089 732 1139 ποίλαι
750 1087 794 1155 [Io.
812 1088 906 1151 Πρόόρ.
920 1087 993 1138 Ἑλλ.
1013 1087 1128 1151 Βιβλιοθ.
1143 1090 1197 1138 σελ.
1210 1085 1282 1155 334),
1294 1092 1341 1139 καί
1353 1092 1399 1138 νῦν

159 1180 210 1231 οὐκ
229 1179 339 1244 ὤκνησα
357 1180 476 1243 γράφειν,
495 1179 551 1227 ἀντί
569 1181 615 1226 τοῦ
634 1174 820 1226 ΦΙΛΟΤΙΜΩΣ
839 1173 898 1240 (ΔΓ,
917 1172 1151 1240 mmmmm.-
1166 1188 1189 1240 p.
1202 1171 1259 1224 147.
1272 1170 1363 1222 XXVI
1376 1172 1399 1222 1.

158 1265 281 1316 Ἐπειδὰν
301 1266 347 1315 οίιν
365 1265 489 1328 θεωρήση
509 1261 644 1330 ΙΙΑΝΤΑ]
691 1261 738 1312 Ἰσ,
757 1276 796 1326 γρ.
816 1261 935 1310 ΤΑΥΤΑ.
954 1289 987 1297 -
1020 1275 1044 1326 p.
1063 1257 1120 1309 148.
1138 1257 1230 1308 XXVI
1247 1259 1270 1310 3.
1297 1263 1399 1326 έχιολέ·

159 1350 241 1419 κτοι]
261 1389 286 1401 ..
300 1389 307 1401 .
326 1351 441 1414 Ἐχιολ
450 1351 562 1411 έκτοιι,
580 1350 709 1399 τουτέστιν
727 1350 752 1397 οῐ
771 1347 945 1411 συλλέγοντες
957 1347 1018 1407 τοὺς
1031 1348 1108 1412 έχεις.
1127 1375 1162 1384 -
1172 1362 1196 1413 p.
1207 1346 1264 1397 150.
1274 1344 1365 1396 XXXI
1375 1346 1399 1397 4.

160 1439 241 1502 έφ’ᾤ
262 1437 338 1486 οὐδέν
356 1434 505 1502 κωλίιει]
524 1437 570 1499 ΔΓ,
588 1437 709 1485 κωλίιειν.
730 1434 806 1494 Ἴσως
825 1435 932 1497 ἄμεινον
951 1434 983 1482 ἀν
1002 1435 1034 1497 ἠν
1053 1435 1172 1498 γράφειν,
1189 1436 1347 1484 κωλίσει.
1364 1463 1400 1477 -ι

160 1519 200 1572 Ib.
219 1519 311 1570 XXXI
328 1521 351 1571 5.
369 1521 446 1582 αὗθις
464 1523 492 1570 δέ
512 1521 661 1584 ἀφελέσθαι
679 1520 696 1569 ἀ
715 1521 839 1570 δέδωκεν·
860 1520 891 1569 οὐ
911 1522 990 1582 μόνον
1009 1521 1046 1581 δέ,
1065 1520 1137 1570 ἀλλά
1154 1523 1251 1571 καὶτὰ
1268 1523 1400 1584 προῦπάρ·

159 1607 263 1675 χοντα.]
283 1645 289 1657 .
308 1645 314 1657 .
334 1645 340 1657 .
370 1607 447 1668 Ἴσως
465 1608 611 1672 ἐγέγραπτο
633 1607 725 1656 πάλαι·
755 1605 847 1668 ,αὖθις
871 1606 939 1654 IIII*
965 1607 1044 1668 μόνον
1070 1606 1219 1668 ἀφελέσθαι
1238 1607 1255 1656 ἀ
1274 1609 1399 1670 δέδωκεν,

159 1695 254 1745 ΔΛΛΑ
277 1698 324 1744 καί
350 1695 383 1744 τά
401 1694 629 1758 προϋπάρχοντα.“
648 1720 683 1730 -
701 1689 740 1740 Ib.
760 1688 866 1738 XXXII
884 1689 906 1739 3.
941 1695 988 1741 καί
1007 1692 1042 1756 μὴ
1060 1693 1186 1742 πιστεύειν
1206 1695 1273 1757 μηόέ
1290 1696 1397 1755 ταὺτοιις

159 1783 250 1846 μηόέν.
296 1781 336 1830 ΩΣ
364 1779 439 1829 ΛΑΝ
466 1781 531 1842 πρός
557 1780 603 1843 τὴν
632 1779 840 1828 Ψευόοπαιδείοιν
866 1778 1022 1840 ἀφίκωνται,
1047 1779 1152 1828 κελείιει
1170 1780 1257 1840 αὐτοῖς
1275 1797 1301 1830 κ.
1320 1797 1341 1830 τ.
1362 1778 1398 1847 λ.]

158 1869 201 1918 ΗΔ
220 1902 244 1916 ..
260 1904 282 1916 ..
301 1896 336 1903 -
354 1881 377 1931 p.
402 1864 453 1913 152.
473 1862 589 1912 XXXIV
607 1862 629 1912 3.
659 1865 782 1913 ΟΜΟΙΩΣ
798 1866 827 1913 δέ
848 1863 961 1927 μέθυσον
981 1880 1007 1913 κ.
1026 1880 1047 1912 τ.
1066 1863 1103 1930 λ.]
1122 1864 1169 1914 Ἰσ,
1188 1881 1227 1929 γρ.
1248 1866 1344 1915 ΟΜΩΣ.
1365 1893 1400 1903 -

158 1950 198 2001 Ib.
216 1949 319 1999 XXXV
340 1951 363 2000 2.
387 1951 464 2001 Ὥστε
481 1954 538 2011 πῶς
556 1952 592 1999 έτι
611 1952 780 2014 προέχουσιν,
828 1951 895 1998 ΑΡΑ
914 1950 930 2014 ἡ
950 1951 1139 2014 ἀκινητότεροι,
1157 1951 1174 2015 ἢ
1194 1950 1399 2015 ουσμαθέστεροί

158 2036 227 2105 εἰσι]
305 2038 382 2099 Ἴσως
399 2038 538 2103 γραπτέον,
557 2035 653 2086 Ὥστε
670 2040 739 2098 πῶς
757 2037 807 2085 έτι
824 2037 1050 2100 προέχουσιν,
1077 2035 1172 2086 ΑΛΑΑ
1199 2037 1400 2103 ίγάκινητό-

158 2105 254 2190 τεροι
272 2142 297 2175 κ.
317 2141 338 2174 τ.
357 2125 381 2174 λ.
401 2123 494 2184 ’Ἴσως
512 2124 541 2172 δέ
559 2127 607 2174 καί
624 2124 671 2188 τὴν
690 2125 775 2187 τρίτην
794 2123 864 2182 λέξιν
893 2120 967 2188 [ἔτι]
993 2115 1115 2185 τρεπτέον
1134 2124 1171 2183 είς
1189 2124 1227 2185 τό,
1246 2125 1348 2174 οὗτοι.
1365 2148 1401 2162 a

159 2209 198 2262 Ib.
216 2208 320 2259 XXXV
339 2208 362 2260 3.
381 2211 479 2273 Ὅτιοί
504 2212 531 2259 έν
556 2216 592 2274 τῷ
618 2211 730 2274 δευτέρῳ
754 2211 893 2272 περιβόλῳ,
912 2211 935 2257 εἰ
954 2210 1034 2273 μηδέν
1054 2209 1132 2271 ἀλλο,
1150 2214 1352 2273 προσποιοῦνται
1368 2226 1400 2276 γε

160 2297 315 2348 ἐπίστασθαι
332 2297 350 2345 ἃ
368 2297 418 2345 οὐκ
437 2294 556 2362 οἴδασιν]
641 2298 727 2358 ὥσπερ
745 2297 777 2344 ἀν
797 2298 820 2344 εί
838 2295 905 2344 οὕτω
923 2310 979 2355 πως
1001 2297 1063 2360 έχον
1089 2297 1118 2345 τό
1144 2299 1240 2360 χωρίον
1266 2296 1400 2361 μεθηρμη-

159 2398 233 2434 νευεν
253 2381 298 2450 [de
318 2380 427 2431 Odaxi0
446 2379 591 2448 quuitur]¹
610 2381 683 2444 ,Ὅτι
702 2384 783 2445 ἐντῷ
802 2383 895 2445 πρώτῳ
913 2383 1042 2446 περιβόλῳ
1061 2384 1084 2431 εί
1102 2384 1183 2446 μηδὲν
1196 2384 1275 2445 ἀλλο,
1294 2383 1324 2432 οὐ
1336 2398 1398 2445 προ-

160 2471 309 2519 σποιοῦνταί
327 2484 359 2534 γε
380 2468 534 2518 ἐπίστασθαι
552 2467 632 2518 ἀούκ
645 2469 752 2517 οίόασιν·
766 2470 793 2516 έν
808 2469 836 2516 II
847 2464 1008 2531 τῳδευτέρῳ
1020 2471 1246 2531 προσποιοῦνται.“
1264 2469 1316 2518 Καί
1327 2471 1400 2530 είκός

160 2556 265 2621 ταύτην,
279 2557 295 2619 ἢ
308 2556 389 2619 ταὺτη
402 2555 595 2618 παραπλήσιον,
608 2555 750 2619 γεγονέναι
761 2555 845 2604 πάλαι
853 2555 900 2618 τἠν
914 2557 1024 2619 γνησίαν
1038 2556 1152 2619 γραφήν.
1164 2585 1199 2592 -
1208 2553 1247 2604 Ιί).
1260 2553 1363 2603 XXXV
1376 2554 1400 2604 4.

160 2641 208 2691 έάν
227 2642 262 2706 μὴ
280 2645 327 2691 καί
344 2642 444 2701 τοὺτοις
462 2641 549 2690 ΣΥΝΗ
566 2638 752 2706 Μεταμέλεια]
787 2641 929 2704 Γραπτέον,
948 2644 1028 2704 οἶμαι,
1057 2641 1288 2691 ΣΥΝΑΝΤΗΣΗΗ
1314 2643 1399 2691 Μετα-

160 2729 262 2792 μέλεια·
281 2729 440 2791 ἀναφέρεται
458 2729 509 2791 γὰρ
528 2728 659 2790 ἐπιδήλως
682 2729 748 2790 πρός
771 2727 832 2787 τοὺς
856 2729 960 2790 ἑτέρους
984 2728 1111 2790 ἐκείνους,
1137 2732 1195 2791 περί
1219 2729 1255 2777 ὢν
1278 2729 1399 2790 ἀνωτέρω

160 2812 229 2880 [σελ.
249 2811 295 2879 72]
314 2815 416 2877 ἔλεγεν,
435 2813 499 2875 ,Ἂν
514 2814 549 2878 μη
562 2813 578 2876 ἡ
591 2814 723 2863 Μετάνοια
737 2813 807 2877 αὐτῷ
819 2814 885 2877 τόχη
899 2814 1107 2877 συναντήσασοι.“
1118 2843 1153 2851 -
1162 2829 1186 2880 p.
1196 2812 1254 2863 153.
1263 2811 1366 2862 XXXV
1376 2813 1399 2862 5.

158 2903 207 2952 καί
224 2901 296 2964 ὑμεῖς
313 2903 399 2950 τοίνυν
418 2916 443 2949 κ.
462 2915 483 2949 τ.
502 2897 539 2967 λ.]
564 2899 599 2949 Ἣ
616 2901 723 2964 έξερρίιη
742 2916 765 2950 τι
782 2903 828 2950 τοῦ
846 2902 953 2963 χωρίου,
971 2900 988 2964 ἢ
1007 2903 1255 2963 προσυπακουστέον
1274 2902 1326 2951 ἀπό
1344 2917 1400 2950 κοι-

159 2991 207 3038 νοῦ
224 2988 263 3049 τό,
282 2987 349 3036 Οὐκ
377 2988 415 3035 ἂν
443 2986 622 3050 σωθείητε.
641 3015 677 3022 -
711 2983 749 3034 IIJ.
768 2987 859 3050 μέχρις
877 2987 909 3036 ἀν
930 2988 981 3048 έξιν
1001 2977 1139 3055 λαβεῖν]
1175 2989 1311 3050 Σολοικῶς
1332 2992 1400 3054 εἰρη-

158 3075 246 3137 μένον,
265 3073 321 3121 ἀντί
338 3075 384 3121 τοῦ
402 3072 538 3136 λάβητε·
553 3073 624 3136 πλὴν
644 3075 667 3121 εἰ
687 3074 722 3137 μὴ
741 3074 897 3137 ἐγέγραπτο,
922 3074 1031 3138 Μέχρι
1054 3079 1111 3124 τοῦ
1136 3076 1204 3135 έξιν
1223 3076 1348 3138 λαβεῖν.
1366 3103 1401 3113 -

157 3156 198 3208 Ib.
217 3154 363 3206 XXXVIII
381 3156 403 3206 1.
418 3149 471 3207 ὀὐκ
490 3159 522 3207 ἀν
543 3160 583 3222 είη
602 3159 662 3209 οὔτε
675 3158 779 3223 ἀγαθόν
793 3157 880 3226 εἶναι]
910 3160 1058 3222 Πλεονοίζει
1070 3163 1099 3210 τό
1114 3162 1312 3225 ἀπαρέμφατον,
1325 3162 1400 3211 καθὰ

158 3249 205 3296 καὶ
223 3247 320 3308 ἑτέροις
338 3246 420 3305 έδοξε.
438 3256 473 3288 έ-
508 3241 546 3299 11ν,
573 3246 646 3294 ἀλλά
664 3247 693 3294 τό
712 3249 768 3305 πῶς
785 3246 886 3309 τέμνειν
918 3249 965 3295 καί
991 3244 1088 3313 καίειν]
1115 3247 1271 3312 προσέθηκα
1297 3249 1344 3308 τὰς
1371 3249 1399 3308 ἓξ

157 3334 255 3392 ταυτας
273 3333 365 3395 λέξεις,
389 3334 574 3396 έξερρυηκυίας
592 3335 672 3396 οίμαι,
690 3336 736 3381 τοῦ
754 3334 859 3396 χωρίου.
896 3331 925 3381 ‘0
944 3337 1013 3395 νοῦς,
1043 3333 1079 3382 Οὐ
1096 3335 1127 3384 τὸ
1139 3336 1224 3384 καίειν
1237 3337 1284 3384 καί
1299 3335 1400 3398 τέμνειν

158 3419 224 3467 έστίν
237 3418 330 3479 ἀπλῶς
341 3422 388 3468 καί
405 3419 469 3468 καθ’
482 3420 560 3468 ἑαυτό
573 3420 679 3481 νοσερόν
693 3419 710 3482 ἢ
723 3420 844 3483 ὑγιεινόν,
862 3419 924 3469 ἀλλ’
938 3421 952 3468 ό
966 3421 1062 3482 τρόπος
1081 3420 1145 3470 καθ’
1158 3397 1191 3471 ὃν
1203 3423 1317 3484 καίεται,
1329 3420 1346 3484 ἢ
1359 3423 1399 3470 τέ-

159 3505 251 3568 μνεταί
268 3519 291 3552 τι
313 3508 365 3554 τῶν
390 3509 436 3555 τοῦ
461 3507 589 3569 σώματος,
614 3505 722 3555 όυναται
751 3507 859 3568 νοσερόν
886 3506 949 3555 αὐτὸ
968 3505 985 3569 ἢ
1004 3506 1115 3570 ὑγιεινόν
1140 3505 1348 3571 ἀπεργάσασθαι.
1366 3536 1402 3544 -

159 3587 198 3638 Ib.
216 3585 336 3636 XXXIX
354 3587 378 3637 4.
396 3590 528 3658 κρίνειεν]
548 3591 592 3652 Ἐξ
610 3592 658 3654 ΕΔ,
676 3593 729 3654 AT,
746 3589 863 3657 xpmw)
882 3621 917 3628 —
934 3589 973 3640 Ib.
991 3589 1053 3640 XLI
1072 3591 1095 3640 3.
1114 3593 1163 3642 οὐκ
1185 3593 1218 3641 ἂν
1236 3593 1294 3641 ΕΙΗ
1316 3597 1400 3644 ταῦτα

160 3673 263 3741 ἀγαθὰ]
282 3677 332 3738 ΗΔ,
360 3678 417 3726 ἀντί
434 3682 488 3740 τοῦ,
514 3677 571 3743 He']
596 3707 631 3715 -
665 3693 689 3744 p.
709 3675 765 3726 158.
784 3675 888 3726 XXVII
907 3675 930 3725 4.
957 3679 1043 3728 Λίπαι
1132 3679 1237 3728 Ὀόίιναι
1321 3679 1399 3730 Ἀθυ·

162 3764 218 3825 μίαι
238 3798 283 3811 ...
304 3762 419 3823 Ἀόοξίαι
503 3763 644 3832 Ἄγνοιοιι]
680 3765 757 3825 Ἴσως
776 3767 923 3830 ἐγέγραπτο
941 3765 1025 3814 ποίλαι
1043 3766 1206 3828 οἰκειοτέρως
1221 3770 1252 3830 τῇ
1266 3781 1401 3828 προσωπο-

159 3851 240 3910 ποιίηι,
257 3849 323 3898 καθ’
342 3851 429 3900 ένικόν
449 3849 569 3914 ἀριθμόν,
588 3852 695 3916 Αὑπη,
720 3851 1365 3917 ’οόι1νη,Ἀθυμία,Ἀόοξία,’4γνοια.

164 4111 576 4124 —————-——-—

263 4335 279 4382 ί]
295 4335 352 4373 Idem
368 4341 463 4390 eonIeeII,
478 4341 514 4390 qui
528 4351 638 4380 censuram
651 4341 677 4380 do
692 4343 792 4382 DrosIhnI
807 4343 897 4382 editione
912 4344 962 4382 feeit
975 4344 1018 4382 LII.
1033 4344 1149 4384 CentraIbI.
1165 4345 1221 4384 1871.
1237 4355 1257 4394 p.
1273 4346 1330 4383 1¹10.

263 4403 280 4452 ¹)
298 4405 356 4443 Idem
371 4410 507 4449 scribendum
521 4420 568 4448 esse
582 4411 664 4448 censuit
677 4411 704 4449 II.
720 4411 805 4463 Sauppe
819 4413 849 4462 (p.
865 4413 919 4462 IIII).

265 4474 280 4522 ¹)
296 4474 376 4521 Quodsi
391 4477 517 4518 IIiibnorum
530 4481 623 4530 primum
639 4480 668 4518 ίιο
682 4481 790 4531 scripsisse
803 4483 857 4520 deiI
872 4483 971 4529 Drosihn,
986 4483 1077 4531 orrum
1097 4487 1182 4523 secutus
1196 4488 1228 4523 est
1241 4483 1276 4521 IlIe
1289 4486 1400 4530 nostrum

160 4538 250 4578 eundem
264 4549 356 4577 errorem
372 4544 477 4582 commIsII
490 4545 512 4582 In
533 4557 550 4583 c.
566 4545 665 4584 XXVIII
679 4545 698 4592 3,
712 4546 750 4584 ubi
764 4547 865 4585 vocabula
880 4543 942 4586 ποῖα
962 4536 991 4585 δὲ
1008 4538 1063 4598 καί,
1078 4558 1131 4597 quae
1145 4553 1282 4598 proposuerat
1295 4548 1400 4598 Schweig-

159 4614 247 4653 haeuser
262 4614 338 4663 (1195),
354 4615 426 4654 eoraIs
440 4619 521 4666 primus
535 4622 622 4670 υιιοομίι,
637 4631 648 4660 ε
662 4619 721 4659 euius
735 4621 827 4660 editione
845 4621 960 4671 assumpslt
977 4633 1001 4660 ει
1015 4622 1112 4663 DIibner.

1192 4707 1209 4756 6
