<?xml version="1.0" encoding="UTF-8"?>
<!DOCTYPE html PUBLIC "-//W3C//DTD XHTML 1.0 Transitional//EN"
    "http://www.w3.org/TR/xhtml1/DTD/xhtml1-transitional.dtd">
<html xmlns="http://www.w3.org/1999/xhtml" xml:lang="en" lang="en">
 <head>
  <title>
</title>
<meta http-equiv="Content-Type" content="text/html;charset=utf-8" />
  <meta name='ocr-system' content='tesseract 3.04.00' />
  <meta name='ocr-capabilities' content='ocr_page ocr_carea ocr_par ocr_line ocrx_word'/>
</head>
<body>
  <div class='ocr_page' id='page_1' title='image "./deartecriticace00mlgoog_0066.png"; bbox 0 0 3120 5040; ppageno 0'>
   <div class='ocr_carea' id='block_1_1' title="bbox 673 463 887 528">
    <p class='ocr_par' dir='ltr' id='par_1_1' title="bbox 673 463 887 528">
     <span class='ocr_line' id='line_1_1' title="bbox 673 463 887 528; baseline 0.009 -17"><span class='ocrx_word' id='word_1_1' title='bbox 673 463 887 528; x_wconf 74' lang='lat'>..53-</span> 
     </span>
    </p>
   </div>
   <div class='ocr_carea' id='block_1_2' title="bbox 159 634 1121 845">
    <p class='ocr_par' dir='ltr' id='par_1_2' title="bbox 159 634 1121 845">
     <span class='ocr_line' id='line_1_2' title="bbox 444 634 1121 707; baseline 0.001 -1"><span class='ocrx_word' id='word_1_2' title='bbox 444 634 478 706; x_wconf 90' lang='lat' dir='ltr'>V</span> <span class='ocrx_word' id='word_1_3' title='bbox 1093 637 1121 707; x_wconf 77' lang='lat' dir='ltr'><strong>G</strong></span> 
     </span>
     <span class='ocr_line' id='line_1_3' title="bbox 159 756 1014 845; baseline -0.006 -16"><span class='ocrx_word' id='word_1_4' title='bbox 159 762 176 802; x_wconf 86' lang='grc'>*</span> <span class='ocrx_word' id='word_1_5' title='bbox 200 765 314 829; x_wconf 90' lang='lat' dir='ltr'>XXVI</span> <span class='ocrx_word' id='word_1_6' title='bbox 340 765 357 827; x_wconf 83' lang='lat'>1</span> <span class='ocrx_word' id='word_1_7' title='bbox 383 768 445 825; x_wconf 85' lang='grc' dir='ltr'>πού</span> <span class='ocrx_word' id='word_1_8' title='bbox 469 761 513 824; x_wconf 82' lang='grc' dir='ltr'>ἔτι</span> <span class='ocrx_word' id='word_1_9' title='bbox 536 756 657 845; x_wconf 78' lang='grc' dir='ltr'>βαδίζει</span> <span class='ocrx_word' id='word_1_10' title='bbox 807 765 870 822; x_wconf 87' lang='grc' dir='ltr'>πού</span> <span class='ocrx_word' id='word_1_11' title='bbox 894 757 1014 845; x_wconf 80' lang='grc' dir='ltr'><strong>βαδίζει</strong></span> 
     </span>
    </p>
   </div>
   <div class='ocr_carea' id='block_1_3' title="bbox 159 856 1161 1050">
    <p class='ocr_par' dir='ltr' id='par_1_3' title="bbox 159 856 1161 1050">
     <span class='ocr_line' id='line_1_4' title="bbox 159 856 1161 949; baseline -0.002 -1"><span class='ocrx_word' id='word_1_12' title='bbox 159 883 176 923; x_wconf 85' lang='grc'>*</span> <span class='ocrx_word' id='word_1_13' title='bbox 200 886 315 949; x_wconf 87' lang='lat' dir='ltr'>XXVI</span> <span class='ocrx_word' id='word_1_14' title='bbox 337 886 357 948; x_wconf 89' lang='lat'><strong>3</strong></span> <span class='ocrx_word' id='word_1_15' title='bbox 380 890 490 948; x_wconf 82' lang='grc' dir='ltr'>τοῦτον</span> <span class='ocrx_word' id='word_1_16' title='bbox 515 880 624 947; x_wconf 84' lang='grc' dir='ltr'>ούκέτι</span> <span class='ocrx_word' id='word_1_17' title='bbox 658 880 755 946; x_wconf 85' lang='grc' dir='ltr'>οὐθὲν</span> <span class='ocrx_word' id='word_1_18' title='bbox 806 887 919 945; x_wconf 82' lang='grc' dir='ltr'>τοῦτον</span> <span class='ocrx_word' id='word_1_19' title='bbox 943 856 1050 947; x_wconf 83' lang='grc' dir='ltr'>οὐθέν</span> <span class='ocrx_word' id='word_1_20' title='bbox 1064 873 1161 947; x_wconf 89' lang='grc' dir='ltr'>λυπεῖ</span> 
     </span>
     <span class='ocr_line' id='line_1_5' title="bbox 204 985 304 1050; baseline 0 0"><span class='ocrx_word' id='word_1_21' title='bbox 204 985 304 1050; x_wconf 35' lang='grc' dir='ltr'>λυπεῖ.</span> 
     </span>
    </p>
   </div>
   <div class='ocr_carea' id='block_1_4' title="bbox 167 1083 1401 1404">
    <p class='ocr_par' dir='ltr' id='par_1_4' title="bbox 167 1083 1401 1404">
     <span class='ocr_line' id='line_1_6' title="bbox 167 1083 1401 1197; baseline 0.002 -25"><span class='ocrx_word' id='word_1_22' title='bbox 167 1110 321 1173; x_wconf 82' lang='grc' dir='ltr'><strong>ΧΧΧΗ</strong></span> <span class='ocrx_word' id='word_1_23' title='bbox 352 1105 450 1193; x_wconf 89' lang='grc' dir='ltr'>ταύτη</span> <span class='ocrx_word' id='word_1_24' title='bbox 485 1083 611 1172; x_wconf 75' lang='grc' dir='ltr'>κελεύει</span> <span class='ocrx_word' id='word_1_25' title='bbox 641 1107 684 1193; x_wconf 80' lang='grc' dir='ltr'>μη</span> <span class='ocrx_word' id='word_1_26' title='bbox 707 1128 755 1197; x_wconf 87' lang='grc' dir='ltr'>πι-</span> <span class='ocrx_word' id='word_1_27' title='bbox 806 1105 905 1193; x_wconf 87' lang='grc' dir='ltr'>ταύτη</span> <span class='ocrx_word' id='word_1_28' title='bbox 933 1106 1061 1172; x_wconf 81' lang='grc' dir='ltr'>κελεύει</span> <span class='ocrx_word' id='word_1_29' title='bbox 1089 1109 1149 1196; x_wconf 77' lang='grc' dir='ltr'>ἔφη</span> <span class='ocrx_word' id='word_1_30' title='bbox 1180 1111 1222 1194; x_wconf 85' lang='grc' dir='ltr'>μὴ</span> <span class='ocrx_word' id='word_1_31' title='bbox 1246 1108 1401 1175; x_wconf 81' lang='grc' dir='ltr'>πιστεύειν</span> 
     </span>
     <span class='ocr_line' id='line_1_7' title="bbox 205 1209 1401 1301; baseline 0.003 -25"><span class='ocrx_word' id='word_1_32' title='bbox 205 1211 321 1276; x_wconf 89' lang='grc' dir='ltr'>στεύειν</span> <span class='ocrx_word' id='word_1_33' title='bbox 355 1212 411 1277; x_wconf 81' lang='grc' dir='ltr'>καὶ</span> <span class='ocrx_word' id='word_1_34' title='bbox 433 1209 560 1299; x_wconf 88' lang='grc' dir='ltr'>βέβαιον</span> <span class='ocrx_word' id='word_1_35' title='bbox 584 1210 681 1297; x_wconf 82' lang='grc' dir='ltr'>μηδὲν</span> <span class='ocrx_word' id='word_1_36' title='bbox 704 1232 755 1277; x_wconf 86' lang='grc' dir='ltr'>νο·</span> <span class='ocrx_word' id='word_1_37' title='bbox 850 1211 905 1275; x_wconf 81' lang='grc' dir='ltr'>καί</span> <span class='ocrx_word' id='word_1_38' title='bbox 923 1211 1050 1301; x_wconf 90' lang='grc' dir='ltr'>βέβαιον</span> <span class='ocrx_word' id='word_1_39' title='bbox 1068 1213 1165 1300; x_wconf 84' lang='grc' dir='ltr'>μηδὲν</span> <span class='ocrx_word' id='word_1_40' title='bbox 1184 1214 1340 1280; x_wconf 88' lang='grc' dir='ltr'>πιστεύειν</span> <span class='ocrx_word' id='word_1_41' title='bbox 1358 1217 1401 1300; x_wconf 80' lang='grc' dir='ltr'>μὴ</span> 
     </span>
     <span class='ocr_line' id='line_1_8' title="bbox 204 1313 1160 1404; baseline 0.004 -26"><span class='ocrx_word' id='word_1_42' title='bbox 204 1314 300 1401; x_wconf 81' lang='grc' dir='ltr'>μύζειν</span> <span class='ocrx_word' id='word_1_43' title='bbox 325 1315 405 1402; x_wconf 85' lang='grc' dir='ltr'>μηδὲ</span> <span class='ocrx_word' id='word_1_44' title='bbox 428 1313 570 1399; x_wconf 89' lang='grc' dir='ltr'>ἀσφαλές</span> <span class='ocrx_word' id='word_1_45' title='bbox 593 1315 673 1380; x_wconf 82' lang='grc' dir='ltr'>εἶναι</span> <span class='ocrx_word' id='word_1_46' title='bbox 704 1380 706 1387; x_wconf 83' lang='grc'><strong>,</strong></span> <span class='ocrx_word' id='word_1_47' title='bbox 850 1314 886 1380; x_wconf 83' lang='grc' dir='ltr'>δὲ</span> <span class='ocrx_word' id='word_1_48' title='bbox 909 1315 1050 1401; x_wconf 87' lang='grc' dir='ltr'>ἀσφαλές</span> <span class='ocrx_word' id='word_1_49' title='bbox 1075 1318 1160 1404; x_wconf 80' lang='grc' dir='ltr'>ἔχειν</span> 
     </span>
    </p>
   </div>
   <div class='ocr_carea' id='block_1_5' title="bbox 159 1434 1369 1628">
    <p class='ocr_par' dir='ltr' id='par_1_5' title="bbox 159 1434 1369 1628">
     <span class='ocr_line' id='line_1_9' title="bbox 159 1434 1369 1527; baseline 0.005 -27"><span class='ocrx_word' id='word_1_50' title='bbox 159 1438 276 1501; x_wconf 86' lang='lat' dir='ltr'>XXXI</span> <span class='ocrx_word' id='word_1_51' title='bbox 310 1439 329 1502; x_wconf 87' lang='lat'>2</span> <span class='ocrx_word' id='word_1_52' title='bbox 367 1434 487 1500; x_wconf 84' lang='grc' dir='ltr'>κωλύει</span> <span class='ocrx_word' id='word_1_53' title='bbox 523 1434 618 1501; x_wconf 86' lang='grc' dir='ltr'>πάλιν</span> <span class='ocrx_word' id='word_1_54' title='bbox 654 1444 755 1501; x_wconf 82' lang='grc' dir='ltr'>ταῦτα</span> <span class='ocrx_word' id='word_1_55' title='bbox 805 1436 927 1504; x_wconf 82' lang='grc' dir='ltr'>κωλύει</span> <span class='ocrx_word' id='word_1_56' title='bbox 948 1447 1048 1505; x_wconf 77' lang='grc' dir='ltr'>ταῦτα</span> <span class='ocrx_word' id='word_1_57' title='bbox 1071 1439 1166 1506; x_wconf 88' lang='grc' dir='ltr'>πάλιν</span> <span class='ocrx_word' id='word_1_58' title='bbox 1189 1439 1369 1527; x_wconf 88' lang='grc' dir='ltr'>ἀφελέσθαι</span> 
     </span>
     <span class='ocr_line' id='line_1_10' title="bbox 203 1543 383 1628; baseline 0.006 -20"><span class='ocrx_word' id='word_1_59' title='bbox 203 1543 383 1628; x_wconf 75' lang='grc' dir='ltr'>ἀφελέσθαι</span> 
     </span>
    </p>
   </div>
   <div class='ocr_carea' id='block_1_6' title="bbox 112 1664 1437 3046">
    <p class='ocr_par' dir='ltr' id='par_1_6' title="bbox 160 1664 1437 2175">
     <span class='ocr_line' id='line_1_11' title="bbox 160 1664 1437 1756; baseline 0.002 -25"><span class='ocrx_word' id='word_1_60' title='bbox 160 1668 276 1732; x_wconf 88' lang='lat' dir='ltr'>XXXI</span> <span class='ocrx_word' id='word_1_61' title='bbox 298 1670 317 1731; x_wconf 82' lang='lat'>2</span> <span class='ocrx_word' id='word_1_62' title='bbox 341 1666 396 1730; x_wconf 84' lang='grc' dir='ltr'>καί</span> <span class='ocrx_word' id='word_1_63' title='bbox 418 1666 610 1756; x_wconf 76' lang='grc' dir='ltr'>διὰταύτην</span> <span class='ocrx_word' id='word_1_64' title='bbox 632 1669 688 1751; x_wconf 78' lang='grc' dir='ltr'>την</span> <span class='ocrx_word' id='word_1_65' title='bbox 709 1665 754 1728; x_wconf 82' lang='grc' dir='ltr'>α’·</span> <span class='ocrx_word' id='word_1_66' title='bbox 806 1664 862 1728; x_wconf 85' lang='grc' dir='ltr'>καί</span> <span class='ocrx_word' id='word_1_67' title='bbox 891 1664 944 1731; x_wconf 80' lang='grc' dir='ltr'>διὰ</span> <span class='ocrx_word' id='word_1_68' title='bbox 974 1665 1090 1753; x_wconf 89' lang='grc' dir='ltr'>ταύτην</span> <span class='ocrx_word' id='word_1_69' title='bbox 1120 1668 1189 1748; x_wconf 89' lang='grc' dir='ltr'>ούνΙ</span> <span class='ocrx_word' id='word_1_70' title='bbox 1208 1669 1265 1752; x_wconf 75' lang='grc' dir='ltr'>τὴν</span> <span class='ocrx_word' id='word_1_71' title='bbox 1301 1666 1403 1734; x_wconf 87' lang='grc' dir='ltr'>αἰτίαν</span> <span class='ocrx_word' id='word_1_72' title='bbox 1434 1667 1437 1675; x_wconf 80' lang='grc'><em>’</em></span> 
     </span>
     <span class='ocr_line' id='line_1_12' title="bbox 200 1768 1399 1858; baseline 0 -22"><span class='ocrx_word' id='word_1_73' title='bbox 200 1771 268 1836; x_wconf 90' lang='grc' dir='ltr'>τίαν</span> <span class='ocrx_word' id='word_1_74' title='bbox 307 1771 433 1836; x_wconf 87' lang='grc' dir='ltr'>κελεύει</span> <span class='ocrx_word' id='word_1_75' title='bbox 472 1773 553 1857; x_wconf 75' lang='grc' dir='ltr'>πρὸς</span> <span class='ocrx_word' id='word_1_76' title='bbox 587 1773 644 1848; x_wconf 87' lang='grc' dir='ltr'>τάς</span> <span class='ocrx_word' id='word_1_77' title='bbox 679 1769 756 1855; x_wconf 83' lang='grc' dir='ltr'>παρ’</span> <span class='ocrx_word' id='word_1_78' title='bbox 849 1768 975 1835; x_wconf 85' lang='grc' dir='ltr'>κελεύει</span> <span class='ocrx_word' id='word_1_79' title='bbox 1005 1773 1084 1857; x_wconf 79' lang='grc' dir='ltr'>πρὸς</span> <span class='ocrx_word' id='word_1_80' title='bbox 1118 1774 1175 1849; x_wconf 87' lang='grc' dir='ltr'>τάς</span> <span class='ocrx_word' id='word_1_81' title='bbox 1209 1771 1323 1858; x_wconf 77' lang='grc' dir='ltr'>ίαυτης</span> <span class='ocrx_word' id='word_1_82' title='bbox 1347 1771 1399 1836; x_wconf 82' lang='grc' dir='ltr'>δύ-</span> 
     </span>
     <span class='ocr_line' id='line_1_13' title="bbox 205 1873 1399 1967; baseline 0.008 -29"><span class='ocrx_word' id='word_1_83' title='bbox 205 1878 301 1962; x_wconf 87' lang='grc' dir='ltr'>αύτης</span> <span class='ocrx_word' id='word_1_84' title='bbox 343 1875 445 1954; x_wconf 83' lang='grc' dir='ltr'>δύσεις</span> <span class='ocrx_word' id='word_1_85' title='bbox 487 1878 575 1952; x_wconf 82' lang='grc' dir='ltr'>ἴσους</span> <span class='ocrx_word' id='word_1_86' title='bbox 608 1873 755 1960; x_wconf 83' lang='grc' dir='ltr'>γίνεσθαι</span> <span class='ocrx_word' id='word_1_87' title='bbox 850 1902 913 1960; x_wconf 90' lang='grc' dir='ltr'>σεις</span> <span class='ocrx_word' id='word_1_88' title='bbox 935 1883 1050 1967; x_wconf 76' lang='grc' dir='ltr'>ηττους</span> <span class='ocrx_word' id='word_1_89' title='bbox 1072 1880 1219 1967; x_wconf 86' lang='grc' dir='ltr'>γίνεσθαι</span> <span class='ocrx_word' id='word_1_90' title='bbox 1241 1881 1296 1946; x_wconf 84' lang='grc' dir='ltr'>καί</span> <span class='ocrx_word' id='word_1_91' title='bbox 1320 1881 1399 1967; x_wconf 83' lang='grc' dir='ltr'>μήτε</span> 
     </span>
     <span class='ocr_line' id='line_1_14' title="bbox 204 1975 971 2071; baseline 0.008 -25"><span class='ocrx_word' id='word_1_92' title='bbox 204 1982 271 2046; x_wconf 89' lang='grc' dir='ltr'>οίον</span> <span class='ocrx_word' id='word_1_93' title='bbox 298 1987 365 2059; x_wconf 77' lang='grc' dir='ltr'>πῶς</span> <span class='ocrx_word' id='word_1_94' title='bbox 394 1981 482 2056; x_wconf 83' lang='grc' dir='ltr'>ἴσους</span> <span class='ocrx_word' id='word_1_95' title='bbox 504 1977 653 2063; x_wconf 84' lang='grc' dir='ltr'>γίνεσθαι</span> <span class='ocrx_word' id='word_1_96' title='bbox 676 1975 755 2062; x_wconf 78' lang='grc' dir='ltr'>μήτε</span> <span class='ocrx_word' id='word_1_97' title='bbox 850 1984 971 2071; x_wconf 77' lang='grc' dir='ltr'>χαίρειν</span> 
     </span>
     <span class='ocr_line' id='line_1_15' title="bbox 204 2072 1168 2175; baseline 0.008 -28"><span class='ocrx_word' id='word_1_98' title='bbox 204 2083 325 2171; x_wconf 84' lang='grc' dir='ltr'>χαίρειν</span> <span class='ocrx_word' id='word_1_99' title='bbox 761 2072 764 2079; x_wconf 50' lang='grc'><strong>’</strong></span> <span class='ocrx_word' id='word_1_100' title='bbox 850 2089 1038 2175; x_wconf 77' lang='grc' dir='ltr'>[ἀηττήτους</span> <span class='ocrx_word' id='word_1_101' title='bbox 1062 2093 1168 2171; x_wconf 78' lang='lat' dir='ltr'><strong>Dros.]</strong></span> 
     </span>
    </p>

    <p class='ocr_par' dir='ltr' id='par_1_7' title="bbox 160 2197 1403 2507">
     <span class='ocr_line' id='line_1_16' title="bbox 160 2197 1401 2300; baseline 0.002 -25"><span class='ocrx_word' id='word_1_102' title='bbox 160 2211 276 2274; x_wconf 90' lang='lat' dir='ltr'>XXXI</span> <span class='ocrx_word' id='word_1_103' title='bbox 300 2213 320 2275; x_wconf 83' lang='lat'>5</span> <span class='ocrx_word' id='word_1_104' title='bbox 343 2197 493 2285; x_wconf 83' lang='grc' dir='ltr'>ὡσαύτως</span> <span class='ocrx_word' id='word_1_105' title='bbox 505 2205 610 2272; x_wconf 90' lang='grc' dir='ltr'>τοίνυν</span> <span class='ocrx_word' id='word_1_106' title='bbox 627 2204 754 2270; x_wconf 87' lang='grc' dir='ltr'>κελεύει</span> <span class='ocrx_word' id='word_1_107' title='bbox 807 2208 957 2288; x_wconf 86' lang='grc' dir='ltr'>ὡσαύτως</span> <span class='ocrx_word' id='word_1_108' title='bbox 979 2210 1083 2275; x_wconf 80' lang='grc' dir='ltr'>τοίνυν</span> <span class='ocrx_word' id='word_1_109' title='bbox 1106 2210 1232 2279; x_wconf 88' lang='grc' dir='ltr'>κελεύει</span> <span class='ocrx_word' id='word_1_110' title='bbox 1256 2214 1342 2300; x_wconf 80' lang='grc' dir='ltr'>ἔχειν</span> <span class='ocrx_word' id='word_1_111' title='bbox 1364 2216 1401 2280; x_wconf 78' lang='grc' dir='ltr'>τὸ</span> 
     </span>
     <span class='ocr_line' id='line_1_17' title="bbox 203 2300 1403 2404; baseline 0.004 -26"><span class='ocrx_word' id='word_1_112' title='bbox 203 2315 288 2401; x_wconf 81' lang='grc' dir='ltr'>ἔχειν</span> <span class='ocrx_word' id='word_1_113' title='bbox 325 2317 360 2379; x_wconf 80' lang='grc' dir='ltr'>τύ</span> <span class='ocrx_word' id='word_1_114' title='bbox 398 2313 558 2399; x_wconf 80' lang='grc' dir='ltr'>δαιμόνιον</span> <span class='ocrx_word' id='word_1_115' title='bbox 589 2311 644 2375; x_wconf 84' lang='grc' dir='ltr'>καί</span> <span class='ocrx_word' id='word_1_116' title='bbox 673 2312 753 2395; x_wconf 79' lang='grc' dir='ltr'>πρὸς</span> <span class='ocrx_word' id='word_1_117' title='bbox 850 2313 1010 2400; x_wconf 76' lang='grc' dir='ltr'>δαιμόνιον</span> <span class='ocrx_word' id='word_1_118' title='bbox 1043 2315 1099 2379; x_wconf 87' lang='grc' dir='ltr'>καί</span> <span class='ocrx_word' id='word_1_119' title='bbox 1129 2318 1208 2401; x_wconf 79' lang='grc' dir='ltr'>πρὸς</span> <span class='ocrx_word' id='word_1_120' title='bbox 1241 2320 1297 2402; x_wconf 80' lang='grc' dir='ltr'>τὴν</span> <span class='ocrx_word' id='word_1_121' title='bbox 1327 2300 1403 2404; x_wconf 88' lang='grc' dir='ltr'>παρ’</span> 
     </span>
     <span class='ocr_line' id='line_1_18' title="bbox 202 2416 1402 2507; baseline 0.003 -23"><span class='ocrx_word' id='word_1_122' title='bbox 202 2422 257 2504; x_wconf 83' lang='grc' dir='ltr'>τὴν</span> <span class='ocrx_word' id='word_1_123' title='bbox 287 2419 363 2504; x_wconf 90' lang='grc' dir='ltr'>παρ’</span> <span class='ocrx_word' id='word_1_124' title='bbox 392 2419 488 2503; x_wconf 82' lang='grc' dir='ltr'>αύτης</span> <span class='ocrx_word' id='word_1_125' title='bbox 517 2416 604 2482; x_wconf 83' lang='grc' dir='ltr'>δύσιν</span> <span class='ocrx_word' id='word_1_126' title='bbox 637 2435 754 2501; x_wconf 87' lang='grc' dir='ltr'>μνημο-</span> <span class='ocrx_word' id='word_1_127' title='bbox 850 2420 946 2504; x_wconf 77' lang='grc' dir='ltr'>αὐτῆς</span> <span class='ocrx_word' id='word_1_128' title='bbox 986 2419 1073 2485; x_wconf 83' lang='grc' dir='ltr'>δύσιν</span> <span class='ocrx_word' id='word_1_129' title='bbox 1111 2421 1167 2484; x_wconf 92' lang='grc' dir='ltr'>καί</span> <span class='ocrx_word' id='word_1_130' title='bbox 1197 2422 1402 2507; x_wconf 83' lang='grc' dir='ltr'>μνημονεύειν</span> 
     </span>
    </p>

    <p class='ocr_par' dir='ltr' id='par_1_8' title="bbox 112 2513 1401 2715">
     <span class='ocr_line' id='line_1_19' title="bbox 112 2513 1401 2612; baseline 0.002 -25"><span class='ocrx_word' id='word_1_131' title='bbox 112 2552 115 2559; x_wconf 95' lang='grc'><strong><em>·</em></strong></span> <span class='ocrx_word' id='word_1_132' title='bbox 203 2523 301 2588; x_wconf 88' lang='grc' dir='ltr'>νεύειν</span> <span class='ocrx_word' id='word_1_133' title='bbox 357 2526 405 2589; x_wconf 80' lang='grc' dir='ltr'>ὅτι</span> <span class='ocrx_word' id='word_1_134' title='bbox 447 2522 600 2608; x_wconf 90' lang='grc' dir='ltr'>τοιαύτην</span> <span class='ocrx_word' id='word_1_135' title='bbox 661 2520 753 2606; x_wconf 90' lang='grc' dir='ltr'>φύσιν</span> <span class='ocrx_word' id='word_1_136' title='bbox 849 2513 896 2589; x_wconf 81' lang='grc' dir='ltr'>ὅτι</span> <span class='ocrx_word' id='word_1_137' title='bbox 917 2523 1065 2610; x_wconf 82' lang='grc' dir='ltr'>τοιαύτην</span> <span class='ocrx_word' id='word_1_138' title='bbox 1090 2518 1157 2611; x_wconf 86' lang='grc' dir='ltr'>έχει</span> <span class='ocrx_word' id='word_1_139' title='bbox 1180 2518 1271 2611; x_wconf 91' lang='grc' dir='ltr'>φύσιν</span> <span class='ocrx_word' id='word_1_140' title='bbox 1286 2526 1401 2612; x_wconf 80' lang='grc' dir='ltr'>ἡτύχη</span> 
     </span>
     <span class='ocr_line' id='line_1_20' title="bbox 202 2628 562 2715; baseline 0 0"><span class='ocrx_word' id='word_1_141' title='bbox 202 2628 269 2715; x_wconf 66' lang='grc' dir='ltr'>ἔχει</span> <span class='ocrx_word' id='word_1_142' title='bbox 291 2630 312 2715; x_wconf 76' lang='grc' dir='ltr'>ἡ</span> <span class='ocrx_word' id='word_1_143' title='bbox 335 2629 418 2715; x_wconf 74' lang='grc' dir='ltr'>τύχη</span> <span class='ocrx_word' id='word_1_144' title='bbox 559 2668 562 2675; x_wconf 94' lang='grc'><strong><em>·</em></strong></span> 
     </span>
    </p>

    <p class='ocr_par' dir='ltr' id='par_1_9' title="bbox 156 2747 1401 3046">
     <span class='ocr_line' id='line_1_21' title="bbox 156 2747 1401 2836; baseline 0.001 -22"><span class='ocrx_word' id='word_1_145' title='bbox 156 2749 314 2815; x_wconf 78' lang='lat' dir='ltr'>*XXXI</span> <span class='ocrx_word' id='word_1_146' title='bbox 344 2755 363 2815; x_wconf 90' lang='lat'><strong>5</strong></span> <span class='ocrx_word' id='word_1_147' title='bbox 396 2750 489 2828; x_wconf 82' lang='grc' dir='ltr'>αὖθις</span> <span class='ocrx_word' id='word_1_148' title='bbox 514 2750 549 2815; x_wconf 84' lang='grc' dir='ltr'>δέ</span> <span class='ocrx_word' id='word_1_149' title='bbox 574 2748 753 2836; x_wconf 74' lang='grc' dir='ltr'>ἀφελέσθαι</span> <span class='ocrx_word' id='word_1_150' title='bbox 806 2751 899 2827; x_wconf 78' lang='grc' dir='ltr'>αὖθις</span> <span class='ocrx_word' id='word_1_151' title='bbox 923 2749 958 2813; x_wconf 82' lang='grc' dir='ltr'>δέ</span> <span class='ocrx_word' id='word_1_152' title='bbox 980 2749 1076 2835; x_wconf 81' lang='grc' dir='ltr'>μένον</span> <span class='ocrx_word' id='word_1_153' title='bbox 1106 2747 1285 2834; x_wconf 85' lang='grc' dir='ltr'>ἀφελέσθαι</span> <span class='ocrx_word' id='word_1_154' title='bbox 1308 2749 1329 2813; x_wconf 81' lang='grc' dir='ltr'>ἀ</span> <span class='ocrx_word' id='word_1_155' title='bbox 1351 2750 1401 2815; x_wconf 86' lang='grc' dir='ltr'>δέ·</span> 
     </span>
     <span class='ocr_line' id='line_1_22' title="bbox 201 2853 1400 2940; baseline 0.002 -23"><span class='ocrx_word' id='word_1_156' title='bbox 201 2854 222 2917; x_wconf 84' lang='grc' dir='ltr'><em>ἃ</em></span> <span class='ocrx_word' id='word_1_157' title='bbox 252 2853 389 2920; x_wconf 87' lang='grc' dir='ltr'>δέδωκεν</span> <span class='ocrx_word' id='word_1_158' title='bbox 413 2857 450 2920; x_wconf 89' lang='grc' dir='ltr'>ού</span> <span class='ocrx_word' id='word_1_159' title='bbox 475 2855 571 2939; x_wconf 80' lang='grc' dir='ltr'>μόνον</span> <span class='ocrx_word' id='word_1_160' title='bbox 602 2854 637 2919; x_wconf 83' lang='grc' dir='ltr'>δέ</span> <span class='ocrx_word' id='word_1_161' title='bbox 667 2853 752 2918; x_wconf 81' lang='grc' dir='ltr'>ἀλλὰ</span> <span class='ocrx_word' id='word_1_162' title='bbox 849 2854 952 2919; x_wconf 83' lang='grc' dir='ltr'>δωκεν</span> <span class='ocrx_word' id='word_1_163' title='bbox 983 2856 1021 2919; x_wconf 88' lang='grc' dir='ltr'>οὐ</span> <span class='ocrx_word' id='word_1_164' title='bbox 1052 2855 1148 2940; x_wconf 89' lang='grc' dir='ltr'>μύνον</span> <span class='ocrx_word' id='word_1_165' title='bbox 1178 2854 1214 2919; x_wconf 85' lang='grc' dir='ltr'>δὲ</span> <span class='ocrx_word' id='word_1_166' title='bbox 1236 2853 1322 2921; x_wconf 83' lang='grc' dir='ltr'>ἀλλὰ</span> <span class='ocrx_word' id='word_1_167' title='bbox 1344 2856 1400 2919; x_wconf 82' lang='grc' dir='ltr'>καί</span> 
     </span>
     <span class='ocr_line' id='line_1_23' title="bbox 201 2959 1164 3046; baseline -0.001 -23"><span class='ocrx_word' id='word_1_168' title='bbox 201 2960 256 3024; x_wconf 81' lang='grc' dir='ltr'>καί</span> <span class='ocrx_word' id='word_1_169' title='bbox 278 2961 317 3024; x_wconf 89' lang='grc' dir='ltr'>τά</span> <span class='ocrx_word' id='word_1_170' title='bbox 341 2960 592 3046; x_wconf 88' lang='grc' dir='ltr'>προύπάρχοντα</span> <span class='ocrx_word' id='word_1_171' title='bbox 848 2962 888 3024; x_wconf 84' lang='grc' dir='ltr'>τὰ</span> <span class='ocrx_word' id='word_1_172' title='bbox 911 2959 1164 3046; x_wconf 79' lang='grc' dir='ltr'>προϋπάρχοντα</span> 
     </span>
    </p>
   </div>
   <div class='ocr_carea' id='block_1_7' title="bbox 156 3078 1400 3578">
    <p class='ocr_par' dir='ltr' id='par_1_10' title="bbox 156 3078 1400 3485">
     <span class='ocr_line' id='line_1_24' title="bbox 156 3078 1400 3174; baseline -0.001 -24"><span class='ocrx_word' id='word_1_173' title='bbox 156 3087 273 3151; x_wconf 89' lang='lat' dir='ltr'>XXXI</span> <span class='ocrx_word' id='word_1_174' title='bbox 303 3087 323 3148; x_wconf 89' lang='grc'><strong>6</strong></span> <span class='ocrx_word' id='word_1_175' title='bbox 353 3085 374 3146; x_wconf 86' lang='grc' dir='ltr'>ἀ</span> <span class='ocrx_word' id='word_1_176' title='bbox 404 3092 481 3168; x_wconf 81' lang='grc' dir='ltr'>γοῦν</span> <span class='ocrx_word' id='word_1_177' title='bbox 511 3083 619 3164; x_wconf 80' lang='grc' dir='ltr'>δίδωσι</span> <span class='ocrx_word' id='word_1_178' title='bbox 642 3084 752 3174; x_wconf 85' lang='grc' dir='ltr'>λαβεῖν</span> <span class='ocrx_word' id='word_1_179' title='bbox 805 3081 826 3145; x_wconf 84' lang='grc' dir='ltr'><strong><em>ἃ</em></strong></span> <span class='ocrx_word' id='word_1_180' title='bbox 858 3089 936 3166; x_wconf 82' lang='grc' dir='ltr'>γούν</span> <span class='ocrx_word' id='word_1_181' title='bbox 967 3079 1047 3144; x_wconf 79' lang='grc' dir='ltr'>,διδῶ</span> <span class='ocrx_word' id='word_1_182' title='bbox 1080 3078 1206 3144; x_wconf 87' lang='grc' dir='ltr'>κελεύει</span> <span class='ocrx_word' id='word_1_183' title='bbox 1228 3079 1400 3169; x_wconf 80' lang='grc' dir='ltr'>λαμβάνειν</span> 
     </span>
     <span class='ocr_line' id='line_1_25' title="bbox 198 3184 1399 3274; baseline 0 -22"><span class='ocrx_word' id='word_1_184' title='bbox 198 3188 325 3253; x_wconf 89' lang='grc' dir='ltr'>κελεύει</span> <span class='ocrx_word' id='word_1_185' title='bbox 347 3188 423 3273; x_wconf 83' lang='grc' dir='ltr'>παρ’</span> <span class='ocrx_word' id='word_1_186' title='bbox 444 3192 542 3274; x_wconf 79' lang='grc' dir='ltr'>αὐτῆς</span> <span class='ocrx_word' id='word_1_187' title='bbox 565 3188 621 3254; x_wconf 81' lang='grc' dir='ltr'>καί</span> <span class='ocrx_word' id='word_1_188' title='bbox 644 3190 752 3256; x_wconf 87' lang='grc' dir='ltr'>συντύ-</span> <span class='ocrx_word' id='word_1_189' title='bbox 848 3184 925 3270; x_wconf 87' lang='grc' dir='ltr'>παρ’</span> <span class='ocrx_word' id='word_1_190' title='bbox 947 3187 1044 3270; x_wconf 84' lang='grc' dir='ltr'>αύτης</span> <span class='ocrx_word' id='word_1_191' title='bbox 1055 3184 1114 3263; x_wconf 87' lang='grc' dir='ltr'>καί</span> <span class='ocrx_word' id='word_1_192' title='bbox 1127 3185 1289 3271; x_wconf 86' lang='grc' dir='ltr'>συντύμιυς</span> <span class='ocrx_word' id='word_1_193' title='bbox 1301 3187 1399 3253; x_wconf 87' lang='grc' dir='ltr'>ἀπελ-</span> 
     </span>
     <span class='ocr_line' id='line_1_26' title="bbox 199 3290 1319 3380; baseline -0.002 -24"><span class='ocrx_word' id='word_1_194' title='bbox 199 3314 264 3379; x_wconf 91' lang='grc' dir='ltr'>μως</span> <span class='ocrx_word' id='word_1_195' title='bbox 294 3291 448 3357; x_wconf 87' lang='grc' dir='ltr'>ἀπελθεῖν</span> <span class='ocrx_word' id='word_1_196' title='bbox 474 3292 650 3380; x_wconf 79' lang='grc' dir='ltr'>βλέποντας</span> <span class='ocrx_word' id='word_1_197' title='bbox 673 3295 752 3379; x_wconf 84' lang='grc' dir='ltr'>πρὸς</span> <span class='ocrx_word' id='word_1_198' title='bbox 848 3291 919 3355; x_wconf 87' lang='grc' dir='ltr'>θεῖν</span> <span class='ocrx_word' id='word_1_199' title='bbox 943 3290 1060 3376; x_wconf 82' lang='grc' dir='ltr'>ἔχοντα</span> <span class='ocrx_word' id='word_1_200' title='bbox 1082 3291 1161 3373; x_wconf 82' lang='grc' dir='ltr'>προς</span> <span class='ocrx_word' id='word_1_201' title='bbox 1184 3311 1215 3355; x_wconf 87' lang='grc' dir='ltr'>κ.</span> <span class='ocrx_word' id='word_1_202' title='bbox 1239 3313 1264 3356; x_wconf 91' lang='grc' dir='ltr'>τ.</span> <span class='ocrx_word' id='word_1_203' title='bbox 1290 3291 1319 3356; x_wconf 91' lang='grc' dir='ltr'>λ.</span> 
     </span>
     <span class='ocr_line' id='line_1_27' title="bbox 198 3392 1400 3485; baseline -0.003 -22"><span class='ocrx_word' id='word_1_204' title='bbox 198 3400 254 3482; x_wconf 79' lang='grc' dir='ltr'>τὴν</span> <span class='ocrx_word' id='word_1_205' title='bbox 278 3397 406 3485; x_wconf 86' lang='grc' dir='ltr'>βεβαίαν</span> <span class='ocrx_word' id='word_1_206' title='bbox 431 3397 487 3462; x_wconf 81' lang='grc' dir='ltr'>καὶ</span> <span class='ocrx_word' id='word_1_207' title='bbox 508 3396 639 3483; x_wconf 82' lang='grc' dir='ltr'>ἀσφαλῆ</span> <span class='ocrx_word' id='word_1_208' title='bbox 664 3397 751 3464; x_wconf 83' lang='grc' dir='ltr'>δύσιν</span> <span class='ocrx_word' id='word_1_209' title='bbox 849 3393 989 3476; x_wconf 88' lang='grc' dir='ltr'>[κελεύει</span> <span class='ocrx_word' id='word_1_210' title='bbox 1022 3392 1132 3480; x_wconf 87' lang='grc' dir='ltr'>λαβεῖν</span> <span class='ocrx_word' id='word_1_211' title='bbox 1177 3432 1220 3443; x_wconf 91' lang='lat'><em>-</em></span> <span class='ocrx_word' id='word_1_212' title='bbox 1264 3396 1400 3482; x_wconf 78' lang='grc' dir='ltr'>ἔχοντας</span> 
     </span>
    </p>

    <p class='ocr_par' dir='ltr' id='par_1_11' title="bbox 719 3501 955 3578">
     <span class='ocr_line' id='line_1_28' title="bbox 719 3501 955 3578; baseline -0.03 -9"><span class='ocrx_word' id='word_1_213' title='bbox 719 3546 727 3569; x_wconf 65' lang='grc' dir='ltr'>ι</span> <span class='ocrx_word' id='word_1_214' title='bbox 847 3501 955 3578; x_wconf 76' lang='grc' dir='ltr'>Βεθε]</span> 
     </span>
    </p>
   </div>
   <div class='ocr_carea' id='block_1_8' title="bbox 155 3578 1535 3813">
    <p class='ocr_par' dir='ltr' id='par_1_12' title="bbox 155 3578 1535 3813">
     <span class='ocr_line' id='line_1_29' title="bbox 155 3578 1535 3711; baseline -0.002 -23"><span class='ocrx_word' id='word_1_215' title='bbox 155 3625 288 3688; x_wconf 82' lang='lat' dir='ltr'>xxxn</span> <span class='ocrx_word' id='word_1_216' title='bbox 323 3626 342 3686; x_wconf 84' lang='lat'><strong>2</strong></span> <span class='ocrx_word' id='word_1_217' title='bbox 382 3623 403 3708; x_wconf 82' lang='grc' dir='ltr'>η</span> <span class='ocrx_word' id='word_1_218' title='bbox 439 3621 565 3709; x_wconf 76' lang='grc' dir='ltr'>αιηυης</span> <span class='ocrx_word' id='word_1_219' title='bbox 596 3622 752 3711; x_wconf 69' lang='grc' dir='ltr'>ἐπιστήμη</span> <span class='ocrx_word' id='word_1_220' title='bbox 804 3620 826 3706; x_wconf 77' lang='grc' dir='ltr'>η</span> <span class='ocrx_word' id='word_1_221' title='bbox 866 3618 994 3706; x_wconf 68' lang='grc' dir='ltr'>ἀληθὴς</span> <span class='ocrx_word' id='word_1_222' title='bbox 1037 3619 1193 3705; x_wconf 73' lang='grc' dir='ltr'>ἐπιστήμη</span> <span class='ocrx_word' id='word_1_223' title='bbox 1238 3620 1297 3706; x_wconf 67' lang='grc' dir='ltr'>ἔφη</span> <span class='ocrx_word' id='word_1_224' title='bbox 1338 3627 1400 3685; x_wconf 76' lang='grc' dir='ltr'>τω</span> <span class='ocrx_word' id='word_1_225' title='bbox 1530 3578 1535 3589; x_wconf 66' lang='grc'><strong>’</strong></span> 
     </span>
     <span class='ocr_line' id='line_1_30' title="bbox 197 3723 1402 3813; baseline -0.003 -22"><span class='ocrx_word' id='word_1_226' title='bbox 197 3736 259 3791; x_wconf 83' lang='grc' dir='ltr'>τῶν</span> <span class='ocrx_word' id='word_1_227' title='bbox 273 3727 496 3812; x_wconf 81' lang='grc' dir='ltr'>συμφερόντων</span> <span class='ocrx_word' id='word_1_228' title='bbox 510 3727 638 3813; x_wconf 84' lang='grc' dir='ltr'>έφηκαί</span> <span class='ocrx_word' id='word_1_229' title='bbox 651 3729 753 3812; x_wconf 85' lang='grc' dir='ltr'>ἀσφα-</span> <span class='ocrx_word' id='word_1_230' title='bbox 850 3725 1074 3810; x_wconf 82' lang='grc' dir='ltr'>συμφερόντων</span> <span class='ocrx_word' id='word_1_231' title='bbox 1102 3725 1158 3788; x_wconf 92' lang='grc' dir='ltr'>καί</span> <span class='ocrx_word' id='word_1_232' title='bbox 1181 3723 1328 3809; x_wconf 81' lang='grc' dir='ltr'>ἀσφαλὴς</span> <span class='ocrx_word' id='word_1_233' title='bbox 1350 3724 1402 3787; x_wconf 86' lang='grc' dir='ltr'>δύ-</span> 
     </span>
    </p>
   </div>
   <div class='ocr_carea' id='block_1_9' title="bbox 138 3827 1402 4568">
    <p class='ocr_par' dir='ltr' id='par_1_13' title="bbox 198 3827 1402 4027">
     <span class='ocr_line' id='line_1_31' title="bbox 198 3827 1402 3920; baseline -0.003 -25"><span class='ocrx_word' id='word_1_234' title='bbox 198 3831 256 3916; x_wconf 77' lang='grc' dir='ltr'>λὴς</span> <span class='ocrx_word' id='word_1_235' title='bbox 282 3831 368 3910; x_wconf 85' lang='grc' dir='ltr'>δύσις</span> <span class='ocrx_word' id='word_1_236' title='bbox 391 3831 447 3895; x_wconf 89' lang='grc' dir='ltr'>καί</span> <span class='ocrx_word' id='word_1_237' title='bbox 468 3832 580 3920; x_wconf 88' lang='grc' dir='ltr'>βεβαία</span> <span class='ocrx_word' id='word_1_238' title='bbox 602 3833 658 3897; x_wconf 87' lang='grc' dir='ltr'>καί</span> <span class='ocrx_word' id='word_1_239' title='bbox 679 3834 753 3918; x_wconf 91' lang='grc' dir='ltr'>ἀμε-</span> <span class='ocrx_word' id='word_1_240' title='bbox 849 3852 896 3907; x_wconf 84' lang='grc' dir='ltr'>σις</span> <span class='ocrx_word' id='word_1_241' title='bbox 938 3828 994 3893; x_wconf 84' lang='grc' dir='ltr'>καί</span> <span class='ocrx_word' id='word_1_242' title='bbox 1034 3828 1148 3916; x_wconf 89' lang='grc' dir='ltr'>βεβαία</span> <span class='ocrx_word' id='word_1_243' title='bbox 1187 3829 1242 3892; x_wconf 81' lang='grc' dir='ltr'>καί</span> <span class='ocrx_word' id='word_1_244' title='bbox 1287 3827 1402 3913; x_wconf 79' lang='grc' dir='ltr'>ἀμετά-</span> 
     </span>
     <span class='ocr_line' id='line_1_32' title="bbox 198 3933 1086 4027; baseline 0.007 -29"><span class='ocrx_word' id='word_1_245' title='bbox 198 3933 374 4022; x_wconf 90' lang='grc' dir='ltr'>ταμέλητος</span> <span class='ocrx_word' id='word_1_246' title='bbox 847 3934 968 4027; x_wconf 89' lang='grc' dir='ltr'>βλητος</span> <span class='ocrx_word' id='word_1_247' title='bbox 1083 3999 1086 4004; x_wconf 90' lang='grc'><em>.</em></span> 
     </span>
    </p>

    <p class='ocr_par' dir='ltr' id='par_1_14' title="bbox 157 4051 1401 4356">
     <span class='ocr_line' id='line_1_33' title="bbox 157 4051 1401 4148; baseline -0.002 -27"><span class='ocrx_word' id='word_1_248' title='bbox 157 4060 307 4124; x_wconf 93' lang='lat' dir='ltr'>XXXIII</span> <span class='ocrx_word' id='word_1_249' title='bbox 341 4065 364 4127; x_wconf 85' lang='lat'>4</span> <span class='ocrx_word' id='word_1_250' title='bbox 405 4071 515 4147; x_wconf 76' lang='grc' dir='ltr'>χρῆμα</span> <span class='ocrx_word' id='word_1_251' title='bbox 549 4063 654 4148; x_wconf 86' lang='grc' dir='ltr'>μέντοι</span> <span class='ocrx_word' id='word_1_252' title='bbox 688 4064 755 4128; x_wconf 75' lang='grc' dir='ltr'>ἐστὶ</span> <span class='ocrx_word' id='word_1_253' title='bbox 807 4055 948 4142; x_wconf 77' lang='grc' dir='ltr'>χρήσιμα</span> <span class='ocrx_word' id='word_1_254' title='bbox 977 4055 1083 4142; x_wconf 86' lang='grc' dir='ltr'>μέντοι</span> <span class='ocrx_word' id='word_1_255' title='bbox 1114 4057 1179 4121; x_wconf 79' lang='grc' dir='ltr'>ἐστὶ</span> <span class='ocrx_word' id='word_1_256' title='bbox 1207 4057 1285 4139; x_wconf 78' lang='grc' dir='ltr'>πρὸς</span> <span class='ocrx_word' id='word_1_257' title='bbox 1309 4051 1345 4118; x_wconf 79' lang='grc' dir='ltr'>δέ</span> <span class='ocrx_word' id='word_1_258' title='bbox 1364 4056 1401 4119; x_wconf 81' lang='grc' dir='ltr'>τὸ</span> 
     </span>
     <span class='ocr_line' id='line_1_34' title="bbox 198 4155 1401 4250; baseline -0.007 -20"><span class='ocrx_word' id='word_1_259' title='bbox 198 4163 278 4246; x_wconf 79' lang='grc' dir='ltr'>πρὸς</span> <span class='ocrx_word' id='word_1_260' title='bbox 304 4165 340 4228; x_wconf 81' lang='grc' dir='ltr'>τύ</span> <span class='ocrx_word' id='word_1_261' title='bbox 373 4164 620 4250; x_wconf 74' lang='grc' dir='ltr'>συντομωτέρως</span> <span class='ocrx_word' id='word_1_262' title='bbox 643 4166 753 4233; x_wconf 74' lang='grc' dir='ltr'>ἐλθεῖν</span> <span class='ocrx_word' id='word_1_263' title='bbox 850 4157 994 4247; x_wconf 88' lang='grc' dir='ltr'>βελτίους</span> <span class='ocrx_word' id='word_1_264' title='bbox 1024 4155 1176 4244; x_wconf 85' lang='grc' dir='ltr'>γενέσθαι</span> <span class='ocrx_word' id='word_1_265' title='bbox 1205 4158 1297 4224; x_wconf 84' lang='grc' dir='ltr'>οὐδέν</span> <span class='ocrx_word' id='word_1_266' title='bbox 1326 4179 1401 4242; x_wconf 93' lang='grc' dir='ltr'>συμ-</span> 
     </span>
     <span class='ocr_line' id='line_1_35' title="bbox 198 4262 1125 4356; baseline 0 -27"><span class='ocrx_word' id='word_1_267' title='bbox 198 4268 278 4351; x_wconf 82' lang='grc' dir='ltr'>προς</span> <span class='ocrx_word' id='word_1_268' title='bbox 309 4266 344 4330; x_wconf 84' lang='grc' dir='ltr'>δέ</span> <span class='ocrx_word' id='word_1_269' title='bbox 373 4271 409 4334; x_wconf 81' lang='grc' dir='ltr'>τύ</span> <span class='ocrx_word' id='word_1_270' title='bbox 433 4268 579 4356; x_wconf 88' lang='grc' dir='ltr'>βελτίους</span> <span class='ocrx_word' id='word_1_271' title='bbox 602 4270 755 4355; x_wconf 76' lang='grc' dir='ltr'>γενέσθαι</span> <span class='ocrx_word' id='word_1_272' title='bbox 851 4262 1004 4351; x_wconf 78' lang='grc' dir='ltr'>βάλλεται</span> <span class='ocrx_word' id='word_1_273' title='bbox 1026 4273 1125 4330; x_wconf 83' lang='grc' dir='ltr'>ταῦτα</span> 
     </span>
    </p>

    <p class='ocr_par' dir='ltr' id='par_1_15' title="bbox 138 4369 616 4459">
     <span class='ocr_line' id='line_1_36' title="bbox 138 4369 616 4459; baseline 0.008 -26"><span class='ocrx_word' id='word_1_274' title='bbox 138 4434 142 4442; x_wconf 80' lang='grc'>,</span> <span class='ocrx_word' id='word_1_275' title='bbox 202 4369 294 4435; x_wconf 85' lang='grc' dir='ltr'>οὐδὲν</span> <span class='ocrx_word' id='word_1_276' title='bbox 318 4371 495 4459; x_wconf 88' lang='grc' dir='ltr'>συμβάλλει</span> <span class='ocrx_word' id='word_1_277' title='bbox 516 4381 616 4439; x_wconf 82' lang='grc' dir='ltr'>ταῦτα</span> 
     </span>
    </p>

    <p class='ocr_par' dir='ltr' id='par_1_16' title="bbox 155 4475 1130 4568">
     <span class='ocr_line' id='line_1_37' title="bbox 155 4475 1130 4568; baseline 0.004 -28"><span class='ocrx_word' id='word_1_278' title='bbox 155 4475 348 4540; x_wconf 85' lang='grc' dir='ltr'>ΧΧΧΙΠ5</span> <span class='ocrx_word' id='word_1_279' title='bbox 382 4476 474 4542; x_wconf 82' lang='grc' dir='ltr'>οὐδὲν</span> <span class='ocrx_word' id='word_1_280' title='bbox 505 4479 567 4562; x_wconf 82' lang='grc' dir='ltr'>ἀρα</span> <span class='ocrx_word' id='word_1_281' title='bbox 603 4478 682 4565; x_wconf 81' lang='grc' dir='ltr'>ἔφην</span> <span class='ocrx_word' id='word_1_282' title='bbox 705 4477 756 4544; x_wconf 85' lang='grc' dir='ltr'>λέ·</span> <span class='ocrx_word' id='word_1_283' title='bbox 809 4480 902 4546; x_wconf 87' lang='grc' dir='ltr'>οὐδέν</span> <span class='ocrx_word' id='word_1_284' title='bbox 926 4483 988 4568; x_wconf 79' lang='grc' dir='ltr'>ἄρα</span> <span class='ocrx_word' id='word_1_285' title='bbox 1012 4478 1130 4565; x_wconf 85' lang='grc' dir='ltr'>λέγεις-</span> 
     </span>
    </p>
   </div>
   <div class='ocr_carea' id='block_1_10' title="bbox 198 4600 264 4664">
    <p class='ocr_par' dir='ltr' id='par_1_17' title="bbox 198 4600 264 4664">
     <span class='ocr_line' id='line_1_38' title="bbox 198 4600 264 4664; baseline -0.076 0"><span class='ocrx_word' id='word_1_286' title='bbox 198 4600 264 4664; x_wconf 70' lang='grc' dir='ltr'>τοι</span> 
     </span>
    </p>
   </div>
   <div class='ocr_carea' id='block_1_11' title="bbox 0 0 1564 5040">
    <p class='ocr_par' dir='ltr' id='par_1_18' title="bbox 0 0 1564 5040">
     <span class='ocr_line' id='line_1_39' title="bbox 0 0 1564 5040; baseline 0 0"><span class='ocrx_word' id='word_1_287' title='bbox 0 0 1564 5040; x_wconf 95' lang='lat' dir='ltr'> </span> 
     </span>
    </p>
   </div>
  </div>
 </body>
</html>
