3120 5040
710 447 924 512 ..66-

194 621 358 699 exhibeat,
386 625 536 702 apertum
560 624 616 684 est
660 617 839 702 Quaeritur
861 624 982 702 autem,
1013 621 1123 682 utrum
1149 621 1249 683 etiam
1272 622 1436 687 voeabula

193 732 256 790 τῶν
271 721 491 808 ἀνθρώπων),
518 741 606 807 quae
621 724 793 788 manifeste
810 723 1074 786 commentatoris
1097 742 1233 787 manum
1256 725 1435 805 produnt),

193 831 383 911 praebuerit
411 845 523 891 necue.
567 827 616 890 Ac
645 846 732 910 quae
763 829 794 889 in
827 827 938 891 codice
967 828 1273 908 archetyposupra
1302 849 1434 892 vorsum

194 939 287 996 crant
300 930 423 1016 addita,
445 951 486 996 ea
508 935 686 1014 utrumque
710 932 834 995 babere
856 930 1004 995 codicem
1027 929 1184 1013 vidimus3
1214 933 1433 1012 quamobrem

192 1038 357 1102 vocabula
384 1043 448 1100 τῶν
471 1032 662 1117 ἀνθρώπων,
693 1036 813 1117 quibus
844 1036 887 1099 ob
920 1035 1029 1114 ipsum
1051 1034 1227 1096 articulum
1249 1041 1311 1098 τῶν
1334 1037 1434 1099 offen·

193 1139 341 1226 dimur³),
365 1140 506 1204 defuisse
522 1141 556 1202 in
577 1139 690 1203 codice
712 1141 891 1220 archetypo
913 1136 1139 1220 statuendum3
1161 1137 1312 1201 videntur
1335 1140 1435 1219 igitur

191 1265 211 1310 e
243 1245 355 1309 codice
386 1246 499 1327 aliquo
532 1245 617 1306 inter
650 1245 869 1324 archetypum
903 1246 935 1304 et
968 1240 1114 1304 codicem
1152 1238 1187 1308 A
1220 1242 1432 1306 intercedenti

192 1353 361 1430 assumpta
390 1366 469 1413 esse.
512 1348 631 1430 Itaque
660 1348 760 1413 etiam
787 1347 841 1411 hie
867 1345 981 1409 codice
1004 1340 1036 1411 V
1061 1346 1239 1428 integriora
1261 1345 1432 1409 traduntur

192 1454 334 1517 auctoris
356 1440 470 1517 verba.

294 1608 328 1673 X
348 1610 379 1673 4.
400 1609 497 1672 Hunc
510 1609 622 1673 locum
637 1608 666 1671 si
679 1609 855 1672 contuleris
870 1627 946 1671 cum
968 1625 1016 1686 ec,
1039 1627 1139 1691 quem
1163 1607 1261 1693 modo
1284 1607 1432 1686 tractavi,

190 1730 255 1776 non
281 1714 377 1775 aliter
406 1711 617 1776 iudicandum
648 1731 720 1776 esse
750 1712 792 1776 de
821 1713 991 1777 vocabulis
1017 1709 1056 1773 ἐκ
1078 1708 1304 1795 προαιρέσεως,
1334 1713 1432 1774 facile

190 1817 250 1881 tibi
271 1816 481 1899 persuadeas.
527 1816 575 1880 Ac
590 1815 720 1880 videtur
743 1818 845 1879 etiam
867 1817 1066 1898 archetypus
1089 1818 1160 1880 sola
1182 1817 1343 1881 vocabula
1365 1814 1430 1876 ἀπὸ

189 1917 272 2003 τύχη
304 1917 528 2003 συναντήσασα
559 1920 722 1998 habuisse,
753 1922 922 2003 equibus,
952 1925 1127 2003 postquam
1151 1919 1215 1982 ἀπὸ
1236 1917 1336 2003 τύχης
1358 1921 1430 1982 sive

190 2026 333 2088 correxit
362 2026 482 2108 aliquis
512 2027 582 2088 sive
611 2043 690 2088 casu
711 2025 856 2087 litteram
880 2025 970 2088 obis
993 2027 1129 2107 scripsit,
1159 2026 1256 2088 facile
1277 2028 1431 2106 corrupta

190 2132 239 2192 est
268 2130 428 2210 scriptura
461 2129 581 2193 codicis
603 2125 638 2195 V
667 2128 747 2208 (ἀπὸ
768 2126 833 2213 ’τῆς
863 2127 962 2213 rixas
987 2126 1190 2213 συναντήση).
1243 2127 1372 2192 Codicis
1394 2124 1430 2194 A

189 2233 350 2313 scriptura
364 2238 476 2296 antem
491 2234 574 2296 sicut
588 2234 621 2297 in
645 2252 670 2298 c.
693 2233 773 2299 VIII
797 2235 815 2295 1
839 2233 897 2295 elii
919 2234 1003 2296 inter
1030 2235 1138 2314 ipsum
1162 2237 1195 2295 et
1215 2234 1429 2314 archetypum

188 2333 402 2399 intercedenti
417 2336 563 2415 debetur,
585 2338 618 2400 in
634 2355 699 2420 quo
715 2336 878 2399 vocabula
900 2333 938 2396 ἐκ
960 2333 1175 2418 προαιρέσεως
1199 2355 1220 2400 a
1242 2341 1425 2400 correctore

189 2439 311 2525 aliquo,
333 2442 391 2522 qui
413 2441 475 2504 sub
490 2442 659 2504 vocabulis
682 2439 746 2501 ἀπὸ
762 2436 843 2524 τύχη
868 2440 972 2503 latere
989 2439 1053 2501 ἀπὸ
1070 2436 1168 2524 τύχης
1194 2441 1430 2522 suspicabatur,

188 2547 360 2627 tamquam
376 2545 419 2608 ad
435 2546 517 2610 haec
532 2545 696 2608 vocabula
719 2544 916 2607 econtrario
938 2543 1134 2607 illustranda
1158 2544 1307 2625 apposita
1329 2548 1430 2607 erant

189 2645 339 2731 Uterque
365 2647 463 2730 igitur
489 2647 593 2712 codex
624 2652 778 2729 corrupta
792 2648 927 2711 exhibet
953 2648 1096 2711 auctoris
1118 2648 1229 2724 verba,
1250 2649 1298 2709 ita
1319 2652 1429 2710 tamen

188 2757 225 2814 ut
247 2754 381 2834 propius
410 2752 568 2816 accedant
597 2751 640 2815 ad
669 2753 810 2833 genuina
832 2751 937 2816 verba
966 2770 1016 2835 ea,
1049 2751 1190 2833 quaein
1212 2747 1247 2817 A
1269 2751 1430 2832 leguntur·

189 2853 372 2938 Quominus
402 2859 515 2919 autem
545 2876 621 2920 eum
644 2857 807 2919 Drosihuo
836 2860 868 2918 et
889 2855 929 2920 H.
952 2856 1097 2935 Sauppio
1126 2855 1172 2935 (p.
1204 2855 1284 2935 773)
1314 2854 1431 2918 debari

188 2961 288 3022 etiam
301 2961 501 3024 vocabulum
517 2957 741 3043 συναντήσασα
757 2960 807 3038 iili
822 2959 1228 3042 commentatoristatuam,
1243 2959 1430 3043 prohibeor,

97 3120 100 3125 4
187 3068 420 3146 praeterquam
443 3064 532 3148 quod
554 3060 588 3132 V
610 3063 711 3128 habet
734 3061 930 3148 συναντήοη,
963 3063 1105 3127 auctoris
1127 3060 1360 3125 consuetudine
1382 3063 1429 3125 di-

188 3165 299 3244 cendi,
334 3187 401 3249 qua
434 3170 467 3231 in
489 3170 551 3233 boc
573 3187 707 3252 quoque
728 3169 894 3232 enuntiato
916 3170 999 3232 sicut
1021 3169 1055 3230 in
1086 3167 1269 3249 insequenti
1294 3165 1377 3245 (εἶτα
1398 3163 1430 3228 τύ

187 3265 306 3351 γίνεται
329 3269 385 3334 ἐὰν
408 3270 429 3355 η
453 3271 604 3355 μετάνοια
627 3273 713 3335 αὐτῶ
737 3269 932 3357 συναντήοη)
963 3273 1127 3336 exstitisse
1151 3271 1245 3334 verbi
1271 3277 1427 3333 συναντᾶν

187 3374 331 3438 formam
354 3376 501 3459 aliquam
523 3376 706 3458 putandum
730 3381 786 3441 est.
839 3377 904 3441 Sed
931 3393 1040 3459 neque
1061 3377 1108 3438 ita
1131 3376 1223 3439 loeus
1243 3377 1293 3439 est
1318 3391 1429 3436 ernen-

189 3634 602 3646 ’Ψ

292 3875 316 3944 ¹]
339 3873 485 3941 Nusquam
508 3875 538 3926 in
562 3875 658 3926 tabula
682 3875 796 3927 additur
819 3875 963 3942 genetivus
987 3872 1123 3928 vocabulo
1148 3876 1244 3943 ὄχλοςτ
1273 3870 1320 3924 12
1344 3874 1429 3943 ὄχλος

188 3962 355 4028 tetrasticis
372 3963 457 4025 πολύς
474 3963 625 4028 ἐφεστάναι.
660 3959 674 4011 Ι
691 3960 708 4012 3
729 3964 815 4030 γόρονν
832 3978 871 4026 τις
888 3989 923 4002 -
940 3965 1107 4028 προστάττων
1124 3979 1148 4016 τι
1166 3967 1203 4028 τῷ
1222 3963 1326 4013 εἰσίοντι
1344 3962 1430 4030 ὄχλῳ.

188 4043 226 4095 IV
251 4045 267 4094 2
290 4051 338 4100 nat
361 4050 377 4100 ὄ
402 4049 486 4115 ὄχλος
510 4050 525 4100 ὄ
548 4049 633 4112 πολύς
656 4050 672 4100 ὄ
695 4077 730 4090 -
753 4050 878 4114 ἐφεστὼς.
914 4046 939 4098 V
960 4046 1171 4116 Ῑοῐοτορτύτται
1188 4049 1204 4098 ὁ
1222 4048 1314 4114 ὄχλος.
1355 4046 1431 4098 vla

188 4136 252 4184 ὄταν
271 4134 551 4202 revertententes
569 4136 661 4201 ὄχλος.
712 4133 825 4186 Delevit'
851 4133 985 4186 vocabule
1009 4153 1031 4190 τ,
1055 4138 1081 4189 ἀ.
1105 4133 1184 4186 Dros
1208 4136 1374 4186 assentiente
1397 4133 1432 4188 H.

189 4217 311 4286 Sauppio
329 4219 367 4288 (p.
385 4219 455 4290 770).

293 4303 318 4372 ²]
336 4303 455 4357 Videtur
472 4305 524 4359 hoc
541 4307 732 4360 additamento
750 4307 877 4361 homines
894 4309 969 4378 ipsos
988 4309 1053 4380 (tre
1066 4310 1150 4373 πολύς
1169 4310 1266 4380 ὄχλος]
1289 4324 1432 4378 opponere

188 4388 308 4441 voluisse
332 4389 480 4444 hominum
503 4394 645 4446 affectibus
673 4394 761 4465 [δόξαι
776 4400 824 4449 καὶ
842 4397 974 4464 ἐπιθυμίαι
990 4400 1038 4450 καὶ
1054 4397 1149 4462 ἡόοναύ
1167 4395 1206 4446 VI
1224 4396 1271 4467 2),
1298 4393 1357 4464 qui¹
1376 4388 1431 4448 sub

188 4475 326 4528 seminaru
372 4477 543 4546 imaginibus
560 4480 732 4549 effinguntur
750 4481 868 4552 (πλῆθος
884 4500 909 4536 τι
926 4487 1060 4550 γυναικῶν
1077 4479 1115 4532 VI
1133 4481 1170 4552 1).
1198 4515 1200 4519 ·

292 4562 318 4632 ³)
366 4561 390 4616 3.
407 4561 447 4616 VI
464 4565 481 4616 1
496 4567 603 4634 πλῆύός
619 4584 643 4620 τι
660 4571 803 4636 γυναικῶν.
832 4567 885 4620 XX
902 4567 919 4620 2
936 4569 1019 4635 χορὸν
1036 4573 1179 4637 γυναικῶν.
