3120 5040
666 449 883 514 „74-

251 625 367 708 Itaque
396 644 440 688 ex
461 622 584 689 Odaxii
610 624 760 687 versione
783 623 885 687 161166
907 624 1037 687 nullum
1060 625 1191 688 omnino
1214 644 1387 707 possumus

149 747 267 810 cepere
303 730 445 793 fructum
473 728 516 792 ad
545 728 648 793 verba
670 727 891 812 emendanda,
930 746 1035 812 quare
1056 728 1198 812 amplius
1219 730 1387 812 inquirere

149 832 355 914 supersedeo.

251 971 323 1035 Iam
354 971 432 1056 quid
463 972 505 1036 de
535 992 583 1051 ea,
614 973 701 1056 6666
728 972 840 1037 codice
869 973 994 1036 Monac.
1026 972 1081 1035 lat.
1110 971 1175 1035 924
1197 972 1387 1055 continetur,

149 1075 299 1139 versione
321 1077 362 1138 sit
383 1076 590 1162 censendum,
613 1077 793 1142 videamus.

250 1232 353 1295 Facta
374 1236 422 1296 est
444 1235 525 1298 baec
557 1237 666 1298 versio
688 1253 747 1320 per
775 1235 939 1298 iacobum
962 1234 1134 1298 Aurelium
1165 1233 1206 1298 de
1228 1232 1387 1317 6666166-

149 1333 397 1417 6666166616.
421 1338 504 1399 1527
531 1339 659 1401 Romae
687 1340 790 1402 fertur
817 1344 964 1402 mortuus
988 1357 1068 1421 esse,
1092 1337 1246 1403 dedicata
1267 1341 1386 1417 autern,

150 1444 185 1500 ut
208 1444 298 1520 patet
327 1458 370 1503 ex
397 1441 535 1521 epistota
566 1443 708 1506 versioni
735 1444 925 1526 praemissa,
947 1442 1094 1527 Ernesto,
1118 1440 1194 1504 duci
1217 1440 1389 1519 Senoniae,

149 1542 206 1621 qui
228 1542 491 1626 archiepiscopus
523 1543 814 1629 Magdeburgensis
845 1551 916 1610 erat
941 1548 986 1612 ab
1011 1565 1040 1610 a.
1062 1545 1147 1609 1476
1168 1539 1274 1629 usque
1295 1544 1339 1608 ad
1361 1564 1389 1609 6

149 1647 242 1710 1513.
266 1646 323 1709 .In
346 1648 408 1711 hac
434 1649 580 1730 epistota,
603 1655 713 1712 utrum
736 1649 848 1714 codice
870 1670 929 1712 ms.
953 1669 995 1712 66
1013 1651 1102 1725 ,libro
1126 1649 1210 1730 typis
1233 1666 1388 1730 expresso

149 1754 235 1813 esset
257 1770 343 1836 usus,
365 1753 446 1815 nihii
468 1755 600 1817 666166
624 1753 756 1817 tradidit
779 1751 929 1836 auctore,
953 1754 1011 1836 qui
1033 1770 1075 1816 ne
1098 1751 1230 1816 Cebetis
1253 1751 1387 1835 quidem

147 1871 264 1917 66666
276 1856 471 1937 appellavit,
494 1857 579 1940 quod
592 1858 626 1924 16
637 1858 742 1921 1166111
754 1840 961 1939 inscriptione
974 1858 1073 1920 etiam
1090 1860 1139 1919 est
1151 1857 1324 1934 omissum,
1340 1856 1388 1917 16-

148 1959 299 2022 scribitur
330 1943 436 2024 661161
480 1960 603 2025 Tabula
636 1962 793 2027 Thebana.
837 1960 957 2044 Neque
987 1980 1053 2043 quo
1076 1977 1161 2023 anno
1183 1959 1217 2021 16
1239 1959 1387 2040 linguam

147 2063 283 2125 latinam
299 2066 434 2127 verterit
448 2065 607 2149 libellum,
630 2067 750 2148 liquet,
773 2071 882 2128 tamen
898 2085 941 2128 ex
963 2082 1011 2147 ec,
1034 2062 1121 2146 quod
1138 2062 1220 2125 duos
1242 2061 1388 2143 reliquos

150 2169 314 2244 tractatus,
341 2167 537 2249 quibuscum
565 2171 737 2233 coniuncta
765 2173 813 2231 est
838 2168 961 2253 tabula,
992 2186 1020 2231 6.
1052 2167 1136 2229 1497
1159 2166 1294 2247 scriptos
1318 2183 1389 2228 esso

149 2287 168 2332 e
197 2271 488 2351 subscriptionibus
516 2278 620 2353 patet,
654 2272 770 2336 eodem
804 2273 873 2336 fere
902 2277 1050 2352 tempore
1081 2270 1267 2332 versionem
1295 2269 1388 2331 11166

148 2390 220 2437 6666
235 2375 423 2453 confectam,
446 2394 521 2439 cum
536 2376 726 2440 litterarum¹
743 2377 850 2440 forma
871 2376 1003 2440 omuino
1026 2374 1177 2437 videatur
1199 2390 1388 2454 congruere,

148 2476 226 2540 licet
247 2480 404 2542 conicere.
1116 2501 1117 2504 ’

252 2633 374 2698 Codice
386 2640 497 2700 eutem
509 2636 639 2700 videtur
651 2655 728 2698 usus
741 2654 813 2700 esse
824 2635 1052 2720 Questenberg
1061 2633 1124 2717 (Q)
1137 2629 1388 2703 6666106166-

147 2738 236 2816 lime,
252 2757 327 2801 cum
345 2739 455 2801 multis
474 2740 553 2802 16616
562 2724 697 2803 666166
710 2744 866 2822 congruat
888 2758 964 2802 cum
976 2738 1116 2826 Odaxio,
1132 2742 1205 2805 aliis
1217 2745 1331 2803 autem
1342 2741 1390 2804 ita

148 2842 192 2907 66
221 2859 260 2906 66
288 2840 469 2919 dissentiat,
503 2847 537 2905 ut
569 2842 688 2906 eadem
718 2829 838 2924 graeca
870 2845 971 2908 verba
1001 2845 1074 2908 61116
1097 2847 1205 2908 1611616
1228 2846 1270 2908 sit
1293 2847 1389 2909 inter·

148 2942 339 3027 pretetus³);
373 2947 525 3008 lacunam
549 2946 683 3029 quidem
705 2949 739 3012 in
769 2966 794 3012 6
817 2945 1101 3030 6111266616
1123 2947 1178 3010 καί
1201 2947 1263 3011 ὧδε
1284 2984 1328 2995 -
1349 2949 1389 3037 νὴ

148 3045 206 3111 Δία
228 3047 284 3112 καὶ
305 3047 372 3133 μετ’
394 3049 491 3134 αὐτῆς
513 3054 565 3133 γε)
595 3069 659 3114 666
681 3052 791 3130 66661,
820 3052 879 3116 sed
901 3053 1024 3117 mirum
1046 3059 1206 3137 quantum
1230 3054 1387 3118 consentit

150 3347 562 3359 m-

254 3622 276 3690 ¹)
293 3620 335 3672 De
353 3619 408 3672 Jac.
426 3621 495 3672 Aur.
513 3620 547 3673 de
565 3620 658 3690 Quest.
683 3620 715 3671 cf.
733 3619 795 3672 Joh.
814 3619 1094 3672 Reuohlins‘Briefw.
1112 3620 1177 3689 hgg.
1195 3637 1220 3672 v.
1240 3619 1268 3671 L.
1282 3618 1389 3686 Geiger.

149 3705 233 3778 [66.
258 3707 283 3759 n.
306 3706 358 3760 66.
382 3706 446 3760 ver.
469 3708 499 3760 in
527 3706 629 3775 Stuttg.
654 3705 777 3760 cxxvi.
802 3705 890 3776 666.)
914 3723 939 3774 p.
963 3706 996 3757 25
1014 3721 1053 3774 sq.
1077 3706 1118 3760 ss.
1136 3706 1177 3760 os.
1195 3707 1235 3758 sv.
1254 3705 1388 3760 66666.

150 3792 207 3845 230.
232 3793 289 3846 245.
315 3793 372 3846 247.
394 3792 452 3845 298.
477 3793 536 3846 304.
560 3793 617 3846 397.
641 3792 700 3844 311.
723 3792 781 3844 325.
807 3791 1011 3865 [neo-1520}
1046 3792 1146 3862 Geiger
1167 3792 1390 3862 116666116666.

150 3879 225 3932 1871.
242 3896 267 3948 p.
285 3880 325 3932 34
343 3881 401 3933 395.
417 3878 476 3932 438.
494 3879 546 3932 449
564 3895 604 3947 66.
622 3879 685 3930 61116
707 3878 834 3930 16616-
850 3877 927 3929 Duas
945 3883 1054 3931 exstare
1077 3878 1207 3949 epistolas
1225 3895 1242 3930 a
1259 3878 1391 3944 11666166-

150 3966 247 4034 bergio
265 3966 301 4019 ad
318 3967 505 4021 Reuohliuum
530 3966 608 4018 datas
627 3966 736 4018 monuit
761 3959 804 4016 vir
822 3963 1019 4018 celeberrimus
1034 3964 1062 4020 O.
1083 3963 1235 4019 Schmelier
1252 3965 1282 4016 in
1300 3965 1392 4018 indice

149 4055 237 4122 ipsius
255 4069 339 4106 manu
357 4057 467 4124 scripto,
486 4055 536 4122 qui
553 4054 640 4106 codici
658 4052 796 4121 praefixus
814 4055 862 4104 est.

253 4194 276 4264 ¹)
294 4196 412 4261 Napeae
421 4210 495 4259 96666
507 4194 536 4243 ia
548 4194 659 4244 latinam
671 4194 796 4244 transtuli
812 4196 1001 4246 clementissime
1015 4195 1135 4260 princeps
1152 4191 1393 4257 interpretaciooem

148 4281 248 4347 picture
266 4283 401 4333 cuiusdam
419 4281 520 4331 labate:
539 4297 587 4345 quc
608 4280 698 4330 Thebis
713 4297 763 4346 pro
781 4285 873 4348 templo
891 4283 1003 4334 Saturni
1015 4281 1145 4346 pendebat
1163 4309 1203 4329 -.

254 4417 278 4486 ⁸]
303 4414 443 4467 XXVIIl
468 4419 515 4469 6111
538 4420 599 4470 atae
624 4420 724 4469 aaronis
747 4421 923 4484 desperatione
945 4435 1031 4470 reram
1050 4419 1124 4468 tibias
1145 4426 1168 4468 et
1186 4419 1273 4483 capita
1290 4418 1393 4466 laniare

102 4539 104 4543 ,
149 4507 270 4558 videatur
289 4529 327 4555 -.
346 4501 453 4554 XXVII
470 4502 486 4554 3
504 4506 545 4556 alt
560 4523 620 4557 vero
638 4506 684 4570 qai
699 4507 754 4556 aiae
774 4511 874 4558 aaronis
892 4506 1015 4557 incedant
1027 4505 1126 4570 partim
1145 4506 1301 4570 desperatio
1319 4502 1413 4561 dt'sci·v

67 4668 123 4758 k.

145 4584 225 4660 plina
241 4599 409 4644 revertantur
427 4621 467 4644 -.
