3120 5040
690 479 904 542 ..45-

157 652 689 746 >quibusCl.··l1eil›aruiusaliqua
713 652 856 733 eumeuii,
876 652 1090 737 praetulitque
1113 653 1155 716 iis
1177 642 1257 738 puae
1272 652 1345 737 jam
1368 660 1414 741 tp-

156 791 159 797 ·
168 765 221 850 pis
243 759 378 826 describi
400 763 583 835 curaverat,
617 776 727 821 aarum
749 757 845 821 etiam
866 752 998 820 schedae
1019 776 1124 821 omues
1146 763 1202 820 τοῦ
1226 744 1414 845 μακὰρίτου,

174 874 211 932 οὐ
236 865 357 931 codices
387 861 543 946 Epicteti,
586 855 720 945 quorum
760 859 958 944 marpiuibus
990 858 1114 946 aliquid
1145 849 1281 925 adlituue
1313 869 1416 949 suspi-

158 970 312 1036 cabar..
334 1015 342 1033 .
365 1009 390 1033 .·
410 965 500 1032 Inter
521 964 598 1030 leaeo
619 965 759 1029 iuueuiri
773 961 920 1048 forsitan
943 957 1105 1046 uouuulla,
1129 955 1208 1050 puae
1231 965 1276 1030 at.
1300 953 1415 1034 Meiba·

120 1103 123 1108 ¹
174 1075 268 1139 miae*
285 1073 399 1160 praelo
432 1077 461 1136 ct
498 1070 562 1135 luci
590 1069 739 1154 psalticae
761 1069 827 1153 ipse
849 1065 937 1133 iaud
959 1088 1117 1153 quaquam
1139 1068 1319 1149 destinauit,
1351 1094 1416 1138 uou

156 1175 318 1264 saepo...
342 1226 349 1243 .
394 1168 575 1256 (ct-etiam
604 1175 705 1256 praet.
723 1173 770 1237 ad
793 1177 886 1237 notes
908 1174 1026 1237 breves
1049 1178 1150 1256 atque
1165 1175 1416 1242 emendationes

155 1280 306 1346 ·Olaudii
327 1279 484 1346 salmasii
504 1280 539 1342 in
559 1278 717 1342 Manuale
738 1276 879 1359 Epicteti
900 1295 930 1358 p.
953 1277 1021 1357 35).
1052 1277 1182 1360 Quibus
1205 1279 1292 1364 tocie,
1315 1299 1416 1363 quam

174 1386 281 1450 focile·
294 1369 439 1467 potuerit
460 1402 572 1448 ariane
592 1381 781 1460 Relaudus,
817 1383 897 1445 satis
919 1386 998 1463 puto
1020 1380 1277 1463 demonstrari).
1321 1371 1417 1466 Quae

177 1491 238 1555 etsi
259 1489 302 1553 ad
324 1489 508 1570 Epictetum
531 1491 563 1552 et
583 1492 676 1552 notas
699 1487 895 1568 plerumque
918 1486 1090 1567 pertinent
1112 1503 1177 1550 non
1200 1490 1257 1572 est,
1280 1506 1338 1551 cur
1359 1489 1418 1552 ali-

159 1599 238 1658 ·ter·
258 1593 358 1656 fuisse
392 1593 425 1655 in
447 1589 571 1656 (lebete
600 1597 633 1656 et
653 1591 803 1654 variante
825 1589 988 1671 scriptura
1011 1593 1172 1670 putemus.
1218 1591 1329 1675 Atque
1347 1594 1419 1657 alia

58 1744 60 1747 ,
159 1738 162 1743 -
178 1699 276 1763 ctiam
288 1714 334 1760 cx
344 1697 415 1777 ipso
428 1696 489 1760 hoc
500 1695 613 1760 libello
621 1693 818 1758 documenta
826 1692 903 1756 lieet
913 1709 1067 1774 promere
1078 1693 1121 1757 ed
1137 1695 1333 1761 firmandam
1346 1716 1420 1761 sen·

176 1802 312 1869 tentiam
333 1803 496 1883 nostram3
525 1798 605 1862 dicit
628 1798 716 1861 enim
739 1795 908 1861 Relandue
930 1797 967 1875 (l.
990 1797 1012 1859 l.
1033 1816 1065 1878 p.
1089 1797 1147 1885 35]
1178 1799 1375 1867 salmasium
1400 1822 1419 1867 e

176 1909 288 1971 vetere
309 1904 423 1968 codiee
444 1921 547 1965 manu
569 1905 706 1965 exorato
727 1901 885 1964 nonnulla
906 1903 1108 1985 correxisse;
1131 1904 1211 1967 nihil
1234 1906 1334 1987 igitur
1350 1925 1418 1970 am-

178 2009 264 2090 plius
285 2007 328 2072 de
349 2010 411 2072 hoc
433 2006 546 2071 codice
568 2005 698 2069 videtur
719 2003 885 2069 addidisse
907 2005 1102 2089 salmasium
1124 2005 1416 2088 Schweighaeuser

176 2115 288 2175 autem
309 2111 420 2191 (1798.
430 2110 531 2191 praef.
547 2109 726 2192 pLXVIII
737 2111 800 2191 sq.)
824 2109 975 2190 pluribus
998 2126 1075 2172 eum
1099 2127 1172 2173 esee
1193 2130 1289 2174 usum
1313 2111 1421 2177 docet.

157 2213 243 2297 Qui
271 2214 361 2294 idem
393 2215 440 2294 (p.
468 2211 577 2277 LXXI
610 2215 672 2295 sq.)
704 2211 851 2277 codicem
874 2211 1114 2276 Gendesienum
1149 2231 1168 2278 e
1198 2217 1418 2297 complurium

177 2318 358 2382 editionum
378 2319 546 2399 scripturis
567 2319 601 2381 in
622 2337 726 2380 unum
749 2319 844 2400 quasi
867 2335 984 2398 corpus
1007 2319 1180 2382 contractis
1202 2325 1351 2384 constare
1373 2322 1419 2386 lo-

68 2471 71 2476 .
176 2423 222 2486 oie
243 2422 352 2486 allatis
374 2420 521 2500 ostendit,
544 2424 576 2485 et
596 2422 642 2502 (p.
664 2418 756 2484 LXX
777 2425 863 2484 note.
886 2418 1043 2502 CXXIV)
1065 2422 1186 2486 fatetur
1207 2443 1239 2486 ee
1256 2424 1419 2488 certiorem

177 2545 239 2590 esee
253 2525 384 2611 sactum
405 2546 427 2588 a
448 2523 539 2589 docto
554 2524 680 2608 juvene,
704 2523 863 2608 Steplrauo
889 2523 1009 2609 Teteue,
1032 2545 1121 2609 quem
1144 2546 1180 2590 ea
1203 2546 1315 2590 caussa
1339 2548 1418 2591 coru·

71 2685 73 2688 Α
173 2629 346 2713 pellaoerit,
369 2629 494 2693 uultum
515 2628 607 2693 hodie
625 2628 772 2712 Hafuiae
794 2649 850 2693 uec
872 2629 907 2692 iu
929 2629 1000 2712 ipsa
1024 2629 1220 2693 Bibliotheca
1242 2632 1339 2715 reaia,
1363 2652 1420 2697 uec

176 2725 220 2796 iu·
233 2733 382 2817 Gatalopo
405 2732 557 2798 eculeum*
570 2732 741 2797 Msstoraru
753 2781 762 2814 ,
799 2753 855 2796 uec
877 2732 975 2809 alibi,
1009 2734 1172 2818 ceuipiuru
1194 2733 1282 2797 illius
1304 2733 1420 2800 codicis

177 2871 220 2883 -
242 2834 284 2899 de
299 2836 447 2932 Epicteto
468 2837 614 2920 loquitur
636 2871 679 2882 -
702 2841 836 2900 uastare.
892 2835 1006 2916 Adde,
1040 2837 1128 2919 quod
1151 2842 1184 2901 et
1205 2839 1276 2919 ipse
1292 2843 1332 2902 >et
1354 2840 1420 2924 alii,

177 2941 235 3024 qui
257 2959 334 3003 mea
355 2942 461 3023 gratia
475 2941 642 3005 Havniam
664 2977 708 2987 -
729 2957 794 3003 non
816 2940 859 3003 de
883 2938 1008 3005 Oebcte
1041 2942 1149 3005 selum
1172 2941 1230 3006 sed
1253 2943 1355 3005 etiarn
1378 2941 1419 3031 de

161 3045 324 3127 *Epicteto
348 3078 388 3092 -
411 3046 536 3108 litteras
558 3044 727 3122 dederunt,
751 3045 831 3107 nihil
853 3046 1085 3130 comperimus,
1103 3047 1154 3108 ita
1176 3050 1220 3108 ut·
1233 3064 1352 3110 revera
1373 3048 1421 3112 ibi

52 3182 56 3185 ·
175 3167 239 3213 non
262 3153 394 3213 exstare
415 3148 566 3212 videatur
588 3147 701 3212 codex.
754 3147 854 3211 Aliud
878 3150 978 3211 etiam
1001 3149 1122 3212 afferre
1144 3151 1251 3214 liceat.
1277 3151 1419 3215 Maibo-

175 3256 261 3319 mius
282 3253 450 3336 possidere
471 3270 508 3316 se
528 3252 676 3316 codicem
697 3271 799 3315 manu
821 3253 977 3333 scriptum
1002 3251 1171 3337 dicebat),
1193 3272 1258 3336 quo
1277 3255 1417 3318 contine·

175 3362 287 3420 rentur
310 3357 503 3438 Hieronymi
525 3358 754 3421 commentarii
776 3357 810 3425 in
831 3357 952 3420 librum
965 3353 1066 3438 Job³)‚
1092 3375 1174 3446 quos
1196 3359 1332 3439 periisse
1354 3360 1421 3439 opi-

176 3462 358 3546 nabantnr3
392 3463 476 3524 huno
499 3461 646 3525 codicem
671 3461 789 3525 obtulit
811 3461 920 3542 legato
943 3461 1029 3542 regis
1055 3461 1293 3543 Eranoogallioi
1316 3463 1440 3541 pretio.

176 3563 292 3628 decem
314 3565 442 3627 milium
464 3555 661 3628 florenorum
685 3552 879 3646 emendum3
912 3582 1011 3645 quem
1043 3582 1139 3628 nemo
1163 3583 1310 3648 unquam
1332 3565 1421 3629 vide-

176 3672 229 3732 tur
250 3668 381 3752 vidisse,
403 3688 479 3741 cum
500 3668 593 3734 nulla
614 3670 671 3732 liat
687 3667 820 3748 mentio,
845 3687 922 3729 uum
936 3672 1008 3748 post
1020 3669 1090 3730 eius
1102 3671 1243 3748 mortem
1255 3671 1289 3733 in
1305 3670 1420 3734 biblio·

176 3773 272 3836 theca
293 3774 335 3836 sit
355 3776 514 3854 repertus.
902 3759 904 3763 ¹

281 4232 305 4304 ¹]
326 4233 467 4288 Facillime
485 4235 599 4304 quidem
616 4236 732 4289 insenuit
750 4234 877 4290 codicum
894 4239 1037 4307 scripturis
1054 4233 1260 4295 emendationes
1289 4241 1422 4319 interpre-

175 4321 357 4393 tationesque,
376 4339 503 4394 quarum,
520 4321 647 4375 libellum
664 4323 787 4392 aliquem
807 4325 961 4396 dumlegie,
979 4329 1144 4395 saepevcnit
1160 4329 1191 4380 in
1203 4333 1324 4382 mentem
1341 4347 1421 4399 quas-

177 4424 231 4477 que
248 4409 344 4461 statim
361 4426 391 4462 re
408 4410 581 4463 considerata
598 4410 705 4463 reicias.

282 4512 306 4582 ²)
324 4511 416 4582 Biogr.
433 4516 515 4600 univ.⁸
526 4514 566 4567 28.
585 4531 610 4582 p.
630 4513 688 4567 142.
723 4515 755 4568 V.
773 4515 799 4568 d.
816 4515 860 4566 Aa
877 4515 894 4568 l.
912 4516 930 4569 l.
948 4532 973 4585 p.
992 4515 1052 4570 537.
1107 4591 1108 4596 Ἰ

281 4615 305 4686 ³]
324 4617 356 4669 ct
375 4615 492 4670 Zoeckel
511 4617 707 4687 Hieronymus.
744 4619 843 4673 Gotho.
862 4619 936 4673 1865.
955 4636 981 4689 p.
998 4619 1058 4674 471.
