3120 5040
680 455 886 520 ..00-

163 629 286 693 XVI3
320 626 473 712 λέγουσαι
501 628 606 715 βραχὺ
633 627 679 692 ἔτι
710 612 759 691 δεῖ
808 625 962 712 λέγουσαι
988 629 1035 692 ὅτι
1063 628 1167 714 βραχὺ
1190 627 1235 692 ἔτι
1256 627 1306 692 δεῖ
1325 647 1402 712 καρ-

205 742 399 817 καρτερῆσαι
422 733 537 809 αὐτοὺς
850 731 982 816 τερησαι
1003 734 1119 810 αὐτοὺς

162 837 242 902 XIX
266 841 286 902 2
309 834 442 923 ἐξέβαλε
457 837 497 901 τὰ
525 840 756 900 νοσοποιοῠντα
808 833 940 922 ἐξέβαλε
970 835 1074 900 πάντα
1103 838 1143 901 τὰ
1173 841 1404 901 νοσοποιοῠντα

161 941 225 1006 XX
246 943 269 1006 4
296 939 492 1027 προσίξαρεν
523 937 601 1026 ἔφην
626 938 667 1016 ὡς
690 938 755 1023 ἐγὼ
807 939 1002 1026 προσίξομεν
1025 941 1115 1027 ’ἔφην
1146 939 1189 1018 ὡς
1220 941 1323 1026 ἔγωγε
1346 939 1412 1025 μοί--

205 1044 342 1132 μάλιστα
851 1043 943 1109 λιστα

160 1151 240 1216 XXI
262 1152 283 1214 3
306 1148 450 1235 ἐμφαίνει
473 1150 573 1226 οὕτως
807 1148 951 1235 ἐμφαίνει
972 1148 1028 1213 οὖν
1052 1151 1152 1226 οὕτως

31 1242 34 1248 ”
161 1256 277 1321 XXIII
322 1257 340 1317 1
387 1261 465 1317 ποῖα
510 1260 611 1317 ταῦτα
653 1248 755 1335 λέγεις
808 1261 885 1317 ποῖα
908 1250 1011 1337 λέγεις
1033 1259 1133 1317 ταῦτα
1155 1256 1195 1318 τὰ
1217 1251 1317 1338 θηρία

155 1414 156 1417 ,
203 1356 302 1444 θηρία

160 1463 277 1526 XXIII
300 1453 369 1545 Ii)
401 1459 439 1523 οὐ
471 1457 563 1522 δοκεῖ
584 1479 635 1523 σοι
649 1464 756 1522 ταῦτα
807 1464 827 1548 ἢ
872 1463 909 1526 οὐ
930 1460 1043 1533 ,δοκεῖ
1081 1481 1131 1524 σοι
1153 1459 1274 1547 ’θηρία
1303 1467 1403 1526 ταῦτα

203 1563 302 1651 θηρία
408 1571 409 1575 ’
852 1557 931 1629 εἶναι

50 1752 53 1758 ,
161 1673 277 1738 XXIII
302 1669 329 1736 2·
345 1671 453 1755 ὥσπερ
475 1670 631 1756 πρότερον
810 1668 917 1752 ὥσπερ
944 1669 980 1733 τὸ
1003 1667 1158 1753 πρότερον

263 1880 327 1946 Sed
357 1881 443 1945 inter
472 1882 561 1945 locos
584 1880 638 1942 hic
661 1881 841 1961 exscriptos
864 1881 994 1942 exstant
1016 1878 1184 1961 nonnulli,
1217 1880 1289 1956 ubi,
1324 1894 1401 1945 uum

160 1987 285 2068 integer
307 1986 348 2049 sit
370 1981 414 2061 A,
437 1990 493 2049 tuo
515 1985 589 2047 iure
611 1984 741 2047 dubites
764 1982 808 2062 (V
826 1985 854 2045 1.
881 1982 959 2048 VIII
982 1984 1012 2045 1.
1046 1980 1097 2045 IX
1120 1984 1148 2046 1.
1170 1980 1202 2045 Χ
1222 1983 1252 2046 4.
1274 2020 1315 2030 -
1330 1984 1404 2050 113.

106 2134 108 2140 .
158 2086 207 2152 III
231 2090 260 2154 I.
280 2088 329 2154 IV
351 2090 383 2154 θ·
403 2088 451 2154 VI
474 2091 503 2153 t.
525 2088 588 2153 VII
608 2088 678 2172 t,3.
702 2087 796 2151 XII.
819 2086 941 2150 xiva.
962 2086 1084 2151 XVI3.
1107 2075 1215 2148 XX4.
1237 2086 1404 2171 XXIIII).
1473 2124 1476 2131 ·

159 2191 337 2276 Quaeritur
368 2198 500 2269 autem,
535 2203 614 2255 num
638 2188 766 2254 ‘merito
795 2189 947 2254 videatur
969 2184 1004 2256 V
1039 2190 1185 2254 tribuere
1212 2191 1336 2274 aliquid
1360 2192 1404 2256 ad
1440 2190 1443 2201 '

160 2298 217 2360 hos
252 2297 340 2360 locos
375 2277 607 2378 emendandos.
651 2296 702 2358 De
735 2314 801 2377 qua
835 2312 873 2356 re
895 2310 974 2357 ¹non
1006 2293 1084 2355 licet
1105 2293 1264 2357 iudicium
1286 2297 1406 2375 facere,

158 2401 220 2463 nisi
243 2419 292 2475 aa,
326 2418 414 2483 quae
435 2401 520 2463 iuter
543 2398 670 2489 codIccs
694 2396 729 2464 A
752 2403 784 2460 et
808 2392 840 2463 V
861 2395 1046 2474 intercedit,
1080 2398 1207 2462 ratione
1229 2398 1405 2482 diligentis·

159 2503 244 2565 stme
267 2503 449 2585 explorata.
587 2587 589 2590 y
1154 2514 1155 2517 ’

263 2605 412 2670 Coniciat
434 2606 571 2670 fortasse
593 2605 714 2688 aliquis
736 2623 780 2668 ex
800 2607 872 2686 ipso
895 2603 1008 2668 codIce
1021 2598 1066 2688 A,
1089 2607 1149 2671 etsi
1170 2607 1244 2669 aliis
1265 2608 1402 2672 Interce-

159 2709 322 2794 dentibus,
344 2711 504 2799 originem
528 2710 662 2773 duxisse
683 2705 732 2787 V,
766 2711 962 2799 praesertim
994 2697 1124 2774 cumin
1147 2730 1173 2777 c.
1195 2710 1279 2775 113.
1301 2707 1350 2779 IV
1372 2714 1401 2792 3,
1444 2765 1447 2772 .

159 2813 326 2895 quomodo
349 2812 521 2876 deterioris
543 2814 673 2893 genens
696 2813 857 2894 scripture
879 2815 1021 2895 potuerit
1042 2814 1131 2897 oriri,
1159 2814 1334 2879 manifeste
1355 2817 1402 2879 vi·

157 2916 298 2983 deantur
321 2919 453 2980 exstare
474 2917 624 2997 vest'rgIa.
1080 2914 1084 2922 '

261 3020 325 3085 Sed
361 3056 399 3068 -
450 3025 485 3082 ut
517 3021 646 3083 mittam
678 3024 781 3084 toturn
816 3019 962 3084 codicem
996 3018 1031 3088 A
1064 3020 1293 3086 difficillimum
1327 3040 1400 3085 esse

157 3123 274 3203 lectu¹)
297 3161 340 3170 -
361 3144 470 3208 neque
491 3125 538 3187 ite
560 3129 635 3187 sunt
656 3125 839 3205 comparati
861 3125 926 3187 loci
947 3144 1048 3206 supra
1070 3125 1211 3202 laudati,
1246 3129 1282 3189 ut
1304 3125 1399 3189 aliter

156 3247 220 3292 nou
255 3229 357 3309 possis
390 3229 631 3310 interpretari,
651 3231 682 3292 et
704 3227 794 3310 atita,
828 3246 895 3310 qua
928 3229 1055 3291 ratione
1077 3227 1248 3295 deterioris
1270 3229 1399 3308 generis

156 3333 339 3414 sumpturae
372 3351 391 3395 e
423 3331 543 3396 codicis
565 3329 601 3399 A
634 3333 697 3395 sint
729 3335 843 3415 ortae,
878 3350 941 3395 non
973 3333 1076 3394 estin
1099 3335 1229 3415 aperto,
1263 3331 1400 3410 accedii,

157 3434 255 3520 quod,
278 3437 325 3499 Ita
347 3437 374 3498 si
397 3452 577 3515 censemus,
601 3421 771 3501 e-duobus
795 3435 941 3500 eiusdem
966 3436 1138 3516 archetypi
1154 3432 1400 3529 exemplaritrus

158 3559 229 3602 esse
263 3541 508 3622 transscriptum
551 3541 722 3604 deterioris
762 3540 892 3621 generis
926 3542 1144 3621 archetypum
1178 3544 1227 3601 est
1259 3543 1400 3604 statuen-

157 3643 253 3720 dum,
287 3661 430 3725 quorum
452 3644 558 3727 attero
581 3645 742 3726 posterior
764 3644 870 3707 libelli
893 3662 969 3724 pars
991 3643 1235 3719 continebatur,
1268 3662 1344 3704 cum
1367 3643 1400 3705 in

157 3747 268 3811 codIce
283 3744 318 3813 A
340 3766 503 3830 nusquam
526 3749 623 3831 plura
645 3749 828 3811 exstiterint
850 3765 952 3829 quam
975 3746 1079 3810 hodie.
1107 3744 1264 3808 Eiusdem
1287 3749 1400 3831 autem

157 3852 326 3931 archetypi
350 3853 558 3932 apographa,
593 3852 655 3914 etsi
677 3853 724 3914 Ita
747 3855 782 3913 ut
804 3851 871 3914 alia
893 3849 1114 3927 Intercedant,
1151 3850 1179 3912 si
1210 3852 1305 3928 putas
1328 3869 1402 3914 esse

157 3949 245 4038 AV,
279 3956 401 4035 optime
429 3956 540 4018 omnia
569 3974 605 4018 se
640 3955 771 4018 habent.
839 3952 936 4037 Quod
970 3958 1006 4016 ut
1037 3954 1277 4036 demonstrem,
1312 3954 1401 4018 locos

156 4075 257 4138 supra
280 4057 429 4121 laudatos
452 4077 567 4122 omncs
592 4059 700 4139 placet
722 4058 906 4121 accuratius
930 4060 1078 4122 tractare.

262 4493 284 4560 ί)
311 4496 380 4544 Uetto
404 4496 528 4546 troisiimc
553 4493 662 4544 e'criture
681 4501 716 4546 ert
734 4495 912 4547 estrimement
924 4498 980 4561 fine
998 4503 1021 4546 et
1038 4494 1139 4555 ccrrc'e5
1170 4498 1219 4547 elle
1240 4503 1275 4547 est
1295 4496 1401 4562 parsm'e

139 4557 257 4647 'effacc'a
292 4577 325 4630 H.
343 4577 439 4631 Dulac.
