3120 5040
687 463 902 531 ...52-

178 638 240 702 nisi
262 635 319 700 ubi
341 635 534 701 correctoris
556 652 692 698 manum
714 637 824 699 statim
848 653 1016 719 agnoscas.
1061 634 1218 699 Lacunae
1244 638 1355 697 autem
1386 635 1426 705 in,

178 736 213 808 V
233 745 366 823 praetor
388 758 498 818 unam,
520 758 622 823 quam
645 757 721 805 cum
742 737 779 809 A
802 741 898 818 (VIII
920 743 939 804 2
962 737 1018 802 καὶ
1040 736 1271 816 ἐκτετακότος),
1298 744 1330 800 et
1353 754 1420 820 aaa,

179 863 261 929 quas
287 863 362 935 cum
385 842 602 908 deterioribus
625 843 777 908 omnibus
798 845 898 909 babet
920 853 1127 920 communes,
1151 847 1280 905 exstant
1303 842 1352 904 bis
1375 842 1420 904 lo·
1443 838 1446 843 ’

641 949 689 998 και
706 947 818 1014 ἄγονται

68 1018 76 1032 ”
179 1018 239 1082 cis:
276 1016 391 1082 XXIV
426 1018 445 1079 2
475 1011 657 1079 πλανῶνται
688 1014 1028 1102 κατακεκρατηρένοι,
1067 1016 1125 1079 ubi
1165 1015 1330 1079 vocabula
1364 1011 1420 1074 καὶ

179 1110 319 1208 ἄγονται,
342 1137 429 1204 quae
451 1137 564 1184 omnes
587 1120 744 1186 exhibent
765 1121 915 1200 codices,
947 1142 990 1184 m.
1012 1122 1053 1186 ΙΙ.
1075 1118 1202 1183 addidit
1224 1137 1326 1201 supra
1347 1137 1419 1182 vcr-

179 1314 260 1359 sunr.
304 1293 402 1358 XXV
426 1294 446 1357 3
469 1290 499 1355 οῑ
521 1239 633 1375 ἄλλὲἓ,
668 1311 733 1377 quo
766 1294 837 1359 loco
859 1302 907 1359 m:
925 1295 966 1358 ΙΙ.
988 1253 1226 1376 suprascripsit
1240 1296 1274 1356 et
1295 1293 1421 1356 litteras

180 1416 210 1461 ot
232 1402 265 1467 et
285 1396 454 1479 spiritum,
489 1398 537 1460 Ita
568 1401 605 1459 ut
628 1399 808 1477 consentiat
829 1393 864 1467 V
886 1418 960 1461 curn
984 1398 1120 1481 reliquis
1141 1397 1175 1459 in
1197 1397 1368 1461 vocabulis
1391 1394 1421 1459 οἱ

180 1497 275 1572 ἄλλοι
288 1498 327 1563 oi.
355 1500 459 1567 xmo
475 1497 715 1584 δικαιοπραγεῖν
730 1499 805 1584 ἔστι,
828 1503 889 1566 ubi
901 1503 1098 1584 particulam
1111 1501 1180 1588 oda,
1193 1500 1293 1588 quam
1306 1519 1420 1566 ornnes

156 1606 339 1686 ·praebent
354 1603 507 1682 codices,
541 1602 668 1667 addidit
699 1624 742 1670 m.
764 1607 806 1669 Η.
840 1610 912 1687 post
940 1606 1139 1669 vocabulum
1171 1604 1420 1689 δικαιοπραγεῖν.
1508 1681 1509 1685 γ

115 1707 120 1715 '
179 1709 328 1774 XXXIV
352 1711 371 1772 2
395 1706 467 1791 περὶ
490 1705 634 1793 ἀγαθῶν,
648 1715 729 1790 post
748 1712 839 1792 ¹quae
862 1703 1027 1774 vocabula
1047 1730 1090 1774 m.
1113 1711 1154 1774 II.
1177 1711 1211 1774 in
1232 1729 1347 1774 rasura
1366 1709 1421 1773 ad·

180 1812 263 1877 didit
285 1811 341 1874 καί
363 1819 483 1890 κακῶν,
507 1831 594 1895 quae
616 1814 781 1878 vocabula
803 1815 836 1877 in
858 1814 995 1896 reliquis
1018 1832 1151 1896 quoque
1171 1814 1334 1905 leguntur.

284 1915 349 1981 Sed
370 1921 478 1993 restat,
502 1922 544 1994 ut,
568 1917 647 2000 quid
671 1918 713 1982 de
735 1917 902 1983 codicibus
915 1913 986 2002 EF,
1008 1919 1065 2001 qui
1086 1937 1162 1982 cum
1173 1914 1324 1996 BRDW
1347 1937 1420 1982 oon·
1490 1965 1493 1972 -

180 2021 322 2086 sentiunt
332 2023 365 2084 in
376 2038 403 2084 o.
412 2020 581 2098 xxvssl,
604 2022 645 2085 sit
657 2011 865 2099 censendum,
888 2025 1000 2103 paucis
1011 2041 1184 2105 exponam.
1215 2025 1264 2090 Ac
1275 2024 1421 2088 codicem

179 2122 368 2210 Equidem
391 2145 465 2189 curn
488 2120 570 2190 DW
604 2127 715 2189 iacere
736 2126 816 2189 locta
838 2127 872 2189 in
894 2145 990 2189 usum
1013 2146 1126 2191 meum
1150 2129 1326 2211 exscriptis.
1342 2128 1421 2222 satis

180 2231 349 2309 docemur;
383 2229 489 2294 codex
508 2227 537 2297 F
562 2234 684 2307 autem,
709 2226 797 2311 quod
819 2229 940 2311 partim
962 2248 1036 2293 oum
1060 2231 1110 2294 his
1132 2234 1281 2315 congruit
1301 2232 1420 2313 partlm

142 2401 144 2405 ,
179 2353 255 2398 eum
277 2329 353 2417 ΒΚ,
375 2335 521 2398 medium
543 2336 629 2402 inter
652 2334 711 2397 hos
734 2330 863 2396 codices
876 2332 1016 2397 ‘videtur
1038 2339 1152 2399 tenere
1174 2336 1294 2401 locum.

283 2437 412 2502 Codicis
429 2434 465 2505 V
497 2438 678 2518 scripturae
710 2454 786 2499 eum
819 2435 965 2498 nondum
994 2437 1057 2500 sint
1083 2440 1270 2521 evulgatae,
1300 2456 1356 2502 eos
1379 2431 1422 2500 ex

180 2540 285 2604 altera
306 2541 411 2605 libelli
432 2545 525 2622 parte
548 2540 735 2604 exscribere
757 2539 865 2620 placet
887 2538 995 2617 locos,
1029 2542 1087 2605 nbi
1120 2543 1244 2607 recedit
1265 2562 1286 2605 a
1309 2541 1423 2615 codice

180 2638 218 2730 O,
239 2645 334 2708 errius
344 2645 530 2726 scripturas,
554 2642 643 2726 quod
665 2641 786 2706 codicis
804 2638 841 2709 M
863 2660 935 2707 esse
957 2645 1092 2724 putavit,
1115 2663 1268 2726 magnam
1292 2633 1420 2727 partem

179 2750 303 2830 recapit
324 2748 487 2826 Drosibn‚
519 2749 576 2830 qui
608 2746 772 2810 nonnullis
805 2751 979 2829 praeterea
1012 2748 1092 2813 locis
1122 2739 1242 2812 codicis
1264 2744 1302 2817 K
1323 2749 1421 2829 scrip·

180 2858 279 2937 turas,
302 2853 425 2935 quippo
447 2853 505 2934 qui
527 2854 569 2915 alt
590 2843 745 2932 vulgatae
767 2850 1026 2937 fundamentum,
1050 2857 1219 2934 tamquam
1243 2851 1362 2915 codicis
1384 2848 1421 2918 ll

130 3008 132 3012 .
180 2962 296 3040 essent,
319 2953 475 3034 exhibuit,
498 2957 571 3019 aliis
594 2955 745 3019 codicum
767 2951 873 3037 BD¹).
1144 2943 1147 2948 ’
1207 2965 1212 2975 ·

462 3282 506 3357 v‘
961 3293 1295 3361 vuannvvp'ox

180 3401 247 3453 XXI
265 3402 281 3454 3
299 3404 376 3457 ἀνθεῖ
827 3409 935 3461 εὐανθεῖ

181 3488 275 3540 XXIII
294 3490 309 3541 2
328 3493 434 3544 ἅπασαν
827 3500 875 3549 καὶ
891 3499 939 3565 τὴν
958 3499 1054 3566 λοιπὴν
1072 3499 1178 3550 ἅπασαν
1202 3497 1262 3553 v²¹¹¹

181 3576 273 3627 XXIX
291 3577 306 3627 2
325 3581 519 3660 ἀναγγέλουοιν
538 3655 542 3664 Ι
828 3586 1041 3653 ἀναγγέλλουσιν
1058 3583 1279 3640 V²BRDW

828 3673 1012 3739 ἀναγγὲλωοιν
1030 3670 1114 3727 ΡΟ.
1132 3673 1325 3739 ἀναγγείλωοιν
1344 3673 1384 3728 Κ

179 3749 259 3801 ΧΧΧ
277 3750 293 3802 2
313 3753 366 3819 ἔφη
828 3761 896 3826 lene

179 3835 258 3888 XXX
276 3837 292 3889 3
309 3841 416 3903 κτείνας
829 3846 948 3907 ἐκτείνας

179 3923 272 3976 XXXI
291 3925 306 3975 1
323 3929 430 3980 κελεύει
828 3933 936 3984 κελεύει
954 3933 1008 3999 ἔφη

71 4021 74 4027 ”
178 4009 325 4086 XXXVIII
343 4011 384 4081 173
403 4016 432 4064 οὲ
625 4019 628 4024 ’
828 4020 891 4070 οὐδὲ

389 4117 402 4152 V

178 4143 298 4218 XXXIX
316 4168 334 4221 4
350 4187 395 4236 κρι
828 4175 914 4238 κρίνοι
930 4128 1149 4230 v²BRDW

827 4329 911 4394 κρίνει
928 4329 976 4385 Ρ.
994 4336 1078 4395 κρινεῖ
1095 4308 1140 4384 O'.
1158 4277 1244 4395 κρίνξιι
1258 4328 1317 4403 Κ..

283 4410 305 4480 ¹)
323 4409 360 4461 lis
378 4409 453 4480 locis,
472 4410 574 4479 quibus
592 4411 769 4464 consentiunt
787 4413 886 4485 verba,
908 4431 979 4483 quae
997 4414 1072 4483 apud
1089 4413 1263 4468 Drosibnum
1281 4413 1424 4482 leguntur,

178 4508 241 4544 eum
257 4494 297 4564 V,
315 4497 373 4547 sive
391 4497 465 4554 eM
483 4499 541 4549 slve
560 4512 575 4548 e
592 4497 675 4553 BD
693 4497 817 4562 adscivit,
836 4500 958 4567 praefixi
975 4498 1128 4570 stellulam3
1147 4500 1263 4568 reliquis
1284 4499 1425 4569 omuibus,

177 4579 232 4630 nisi
248 4579 326 4632 aliud
344 4583 450 4652 mount,
468 4583 561 4654 verba,
581 4599 652 4652 quae
670 4583 704 4640 Ο
722 4583 845 4655 praebet,
866 4588 977 4638 exstant
994 4585 1024 4636 in
1041 4583 1177 4638 Drosihni
1196 4585 1328 4642 editione
