3044 5056
650 499 688 512 ..
736 461 777 528 24
814 496 863 554 Ι-

137 1164 186 1227 lII
210 1166 228 1226 1
253 1160 423 1245 προσέξετε
443 1160 501 1227 καί

138 1285 186 1349 III
210 1287 228 1348 2
253 1283 340 1347 ἔοικε
360 1284 423 1366 γάρ
445 1280 467 1366 ἡ
492 1281 637 1369 ἐξήγησις
659 1290 704 1367 τῷ

136 1627 184 1694 IV
208 1630 226 1690 1
251 1625 320 1690 ἐπεί
341 1626 398 1689 καί

137 1747 184 1813 IV
208 1751 227 1812 2
250 1746 322 1832 περί
343 1749 400 1831 τὴν
423 1746 526 1833 πύλην

137 1870 184 1935 IV
208 1871 226 1932 2
250 1866 447 1952 πορεύεσθαι

138 1991 185 2057 IV
208 1993 227 2054 3
252 1987 302 2053 δεῖ
321 1987 458 2075 βαδίζειν
480 1991 501 2074 ἡ
524 1997 593 2068 πῶς

140 2115 169 2178 V
193 2116 209 2177 1
235 2109 387 2195 ποτήριον

141 2237 171 2301 V
195 2237 214 2298 2
238 2230 359 2308 πάντας
382 2229 573 2315 ἀνθρώπους

141 2358 171 2420 V
195 2357 215 2420 3
237 2353 324 2417 τουτί
347 2351 382 2416 δὲ

141 2463 170 2526 V
194 2463 213 2524 3
237 2456 379 2533 πίνοντες

114 2634 117 2641 ,
141 2565 171 2628 V
196 2565 215 2628 3
239 2561 306 2649 βίον
330 2560 444 2636 πάντες

142 2670 188 2734 VI
213 2670 231 2731 2
254 2662 501 2750 περιπλέκονται

144 2772 191 2835 VI
213 2772 233 2835 3
256 2768 368 2853 ἥξουσι

142 2875 189 2939 VI
212 2873 232 2938 3
255 2872 287 2950 ἐς
311 2869 378 2958 βίον
402 2867 502 2933 άλλσν

141 2978 205 3041 VII
228 2979 256 3042 2.
279 2974 359 3040 VIII
382 2975 401 3036 2
425 2971 446 3034 ἃ
469 2970 571 3036 ἔδωκε

141 3081 221 3144 VIII
246 3083 264 3143 1
289 3079 381 3154 οὗτος
405 3076 478 3161 περί

141 3183 221 3249 VIII
242 3184 262 3247 3
285 3179 355 3247 τίνα
378 3180 460 3244 ἔστιν

141 3288 221 3351 VIII
243 3286 264 3348 4
286 3283 343 3347 καί
365 3281 451 3347 ἄλλα

140 3387 381 3463 ΜΒΜΜ

141 3493 191 3557 IX
213 3495 233 3557 3
256 3489 436 3577 ινιιανίζιι

141 3598 191 3660 IX
213 3599 235 3659 4
258 3595 296 3658 ἐκ
317 3593 436 3659 τούτων

781 634 825 711 τίς
861 654 911 697 σοι
945 632 966 717 ἡ
998 629 1121 718 μεγάλη
1146 626 1285 715 ἀσχολία
1308 650 1380 714 τυγ-

827 810 973 896 χάνουσα
996 807 1036 891 p²

783 933 826 1010 τίς
851 953 900 996 σοι
922 928 1045 1016 μεγάλη
1070 924 1211 1014 ἀσχολία
1228 925 1379 1010 τυγχάνει

827 1040 908 1102 οὖσα
930 1033 967 1104 K

784 1159 955 1244 προσὲξετε
979 1160 1039 1243 ἔφη
1062 1155 1118 1219 καί

785 1283 935 1369 ἔστιγὰρ
957 1282 979 1368 ἡ
1002 1279 1147 1365 ἐξήγησις
1170 1283 1214 1341 τῶ
1237 1275 1271 1343 Α

787 1404 852 1469 ἔστι
883 1407 946 1489 γάρ
975 1403 996 1488 ἡ
1020 1400 1165 1486 ἐξήγησις
1190 1399 1314 1463 ἐοικυῖα
1335 1405 1380 1462 τῶ

832 1502 1146 1578 VLBRDWPCK

732 1638 734 1643 ’
787 1625 915 1709 ἐπείπερ
940 1622 996 1686 καί

786 1749 874 1834 παρά
895 1749 952 1831 τὴν
975 1743 1078 1831 πύλην

788 1868 1031 1956 εἰσπορεύεσθαι

787 1993 837 2056 δεῖ
859 1989 994 2079 βαδίζειν
1018 2026 1060 2036 —-
1083 1985 1219 2074 βαδίζειν
1241 1987 1262 2070 ἢ
1285 1991 1353 2060 πῶς

787 2111 938 2196 ποτήριάν
961 2131 990 2174 τι

787 2235 906 2310 πάντας
929 2234 1002 2308 τοὺς
1026 2227 1216 2314 ἀνθρώπους

788 2342 942 2427 τοῦτοδὲ
1207 2344 1209 2348 ’

788 2466 912 2541 πιόντες

788 2568 855 2657 βίον
878 2567 1012 2650 πότερον
1037 2563 1092 2626 οὖν
1117 2557 1231 2633 πάντες
1334 2642 1336 2645 Ι

788 2670 962 2735 πλέκονται

789 2773 921 2854 άξουσαι

789 2879 832 2956 είς
856 2875 922 2964 βίον

789 2982 811 3044 ἃ
833 2979 955 3044 δέδωκε

789 3086 881 3161 οὗτος
906 3083 923 3146 δ
945 3081 1017 3166 περί

788 3187 856 3252 τίνα
879 3188 934 3250 οὖν
959 3186 1041 3249 ἔστιν

788 3291 844 3355 καί
866 3286 971 3354 τᾶλλα

790 3395 844 3459 ἐὰν
868 3394 924 3458 οὖν
946 3414 991 3469 τις

787 3495 966 3583 ινιννλίζν

776 3603 896 3667 κὲνεκεν
919 3598 1039 3664 τούτων

142 3701 215 3763 X1
251 3697 353 3762 ὀπίσω
387 3698 446 3782 ἔφη
475 3716 504 3761 tt
536 3697 647 3781 μωρὸν
670 3698 735 3760 ἅνω
788 3704 889 3769 ὀπίσω
913 3725 941 3766 τι
964 3703 1024 3788 ἔφη
1055 3702 1158 3766 αὐτῶν
1187 3705 1251 3765 άνω
1275 3698 1381 3781 ὥσπερ

186 3801 293 3886 ὥσπερ
316 3799 427 3885 θυρίον

831 3805 942 3892 θυρίον
968 3805 1079 3890 μικρὸν
1102 3805 1137 3875 Α

789 3916 890 3983 ὀπίσω
918 3938 947 3980 τι
974 3917 1078 3980 αὐτῶν
1102 3916 1160 3998 ἔφη
1184 3913 1250 3975 άνω
1274 3911 1381 3996 ὥσπερ

831 4088 944 4174 θύριον
971 4087 1098 4175 (θηρίον
1120 4082 1232 4153 VRD.
1269 4031 1381 4170 θηρίον

833 4191 893 4274 W)
917 4194 1029 4278 μικρὸν
1056 4186 1264 4259 VLBRDW
1333 4247 1335 4251 ,

789 4296 889 4363 ὀπίσω
923 4316 951 4361 τι
985 4296 1089 4360 αὐτῶν
1113 4295 1172 4382 ἔφη
1196 4296 1303 4377 ὥσπερ
1325 4290 1383 4355 θύ-

761 4429 765 4470 ⁵
832 4491 901 4555 ριον·
922 4415 1048 4553 (θίίρίον
1072 4465 1108 4536 C.
1132 4468 1244 4555 θηρίον
1264 4466 1314 4548 Κ)
1338 4487 1384 4553 μι-

832 4577 910 4673 κρδν
933 4569 1029 4642 POK
