3120 5040
714 430 921 495 ..ω-

194 620 238 679 ως
270 600 319 686 ἐγ
350 601 444 687 ὧμι.
489 598 970 685 ΧΧΙῖτὸνὺψῴὸντὸπον.
1026 601 1437 686 ffisenimlodsaperte

194 706 440 790 difficmm,
472 725 561 790 quae
580 708 673 789 mest,
693 706 819 770 studuit
838 705 1020 770 dissolvere
1039 707 1138 771 bomo
1159 708 1281 790 aliquis
1300 706 1437 791 doctum

192 812 356 891 imprimis
381 830 408 874 a
429 807 461 872 X
486 813 504 874 1
538 813 567 874 si
587 814 807 892 spectaretis,
838 811 950 873 statim
971 829 1147 891 coguoeoes
1167 812 1330 876 offensum
1347 830 1436 896 eunt,

193 915 253 995 qni
283 917 446 992 correxit,
476 915 640 978 vocabulo
671 915 784 998 μικρὸν
805 916 979 979 coniuncto
998 933 1076 978 cum
1096 913 1226 998 tipus,
1257 921 1295 978 ut
1325 916 1435 979 locum

193 1023 348 1102 maeret,
380 1018 485 1083 verba
506 1020 754 1100 transposuisse.
796 1019 918 1083 Tribus
939 1023 1113 1100 praeterea
1134 1019 1214 1083 locis
1234 1019 1326 1083 idem
1346 1019 1437 1084 vide·

193 1121 443 1187 turactcidisee:
473 1123 509 1186 X
539 1124 560 1187 2
592 1120 724 1185 τούτων.
769 1123 878 1186 ΧΠ1
911 1120 1113 1204 ψευδοδοξία.
1155 1123 1438 1207 meumes

193 1232 250 1308 τῆς
271 1223 396 1310 ἀπάτης
417 1223 581 1308 imbuet,
602 1226 661 1289 ubi
682 1231 817 1309 propter
840 1227 969 1290 hiatum
991 1225 1030 1304 (ἃ
1051 1224 1217 1307 tubum)
1238 1229 1344 1292 verbu
1364 1247 1438 1293 csse

194 1330 392 1411 transposita
413 1331 699 1395 verisimillimum.

298 1449 395 1534 Quae
415 1453 520 1517 verba
540 1470 605 1516 non
627 1470 648 1516 e
668 1451 783 1516 codice
804 1452 917 1534 aliquo
940 1469 1012 1517 esse
1031 1451 1171 1536 adscita,
1193 1452 1291 1516 sede
1310 1454 1438 1517 coniec-

194 1560 270 1618 tnra
311 1561 384 1620 orta
427 1573 469 1620 eo
504 1557 605 1620 etiem
641 1558 746 1637 poesis
780 1555 922 1620 reddere
960 1556 1152 1636 probabile,
1196 1556 1284 1638 qnod
1331 1557 1437 1621 tribus

194 1663 284 1723 certe
304 1660 395 1744 locis,
416 1679 501 1742 quas
522 1660 612 1741 apud
633 1658 848 1724 Meibomium
869 1660 1012 1742 legimus
1033 1661 1220 1740 scripturas,
1247 1661 1309 1722 etsi
1329 1661 1364 1723 in
1384 1679 1438 1724 co

194 1762 268 1827 dice
294 1763 408 1847 aliquo
436 1783 496 1830 ms
524 1783 582 1828 ees
603 1782 700 1847 posse
722 1764 874 1827 exhiberi
895 1781 961 1828 non
980 1780 1086 1846 nego,
1119 1781 1181 1826 ene
1209 1765 1244 1826 in
1264 1765 1434 1828 veteribus

194 1865 392 1934 editionibus
423 1874 568 1932 exstant:
599 1869 631 1933 V
663 1869 694 1932 3*
718 1864 860 1943 πίνοπες
894 1868 966 1949 ipse
995 1867 1192 1931 bieibomins
1224 1868 1303 1945 (not
1323 1886 1355 1948 p.
1377 1869 1438 1948 30)

194 1971 352 2036 maluisse
372 1970 540 2039 Ceselium
573 1977 730 2049 testatur,
764 1972 868 2037 hebes
889 1973 924 2034 in
944 1970 1088 2035 editione
1109 1989 1138 2034 a
1161 1971 1247 2034 1618
1268 1972 1305 2034 in
1325 1971 1436 2036 lucem

195 2077 319 2140 emisse
351 2075 420 2154 (Ex
453 2076 654 2140 bibliotheca
686 2076 826 2139 Geverln
859 2075 1089 2139 Elmenborsti.
1125 2074 1229 2156 Lugd
1258 2075 1327 2139 Bet
1348 2075 1437 2157 apud

194 2179 264 2242 Jac.
285 2179 420 2262 Marci);
448 2179 499 2242 lx
519 2180 543 2242 4
565 2176 711 2262 ἐπιλείπῃ
735 2179 774 2243 H.
793 2174 890 2242 Wolf
916 2179 996 2255 (not.
1018 2196 1048 2258 p.
1071 2179 1150 2258 125)
1179 2178 1440 2260 commendavit3

194 2282 279 2346 xlx
299 2283 320 2346 3
343 2280 499 2358 ἀποσθεῑς
522 2279 691 2347 Gronovio
712 2283 880 2347 Johnsono
901 2278 1216 2364 Schweighaeusero
1237 2281 1355 2363 (1798)
1376 2288 1438 2346 tec

195 2387 283 2451 tibus
304 2386 340 2449 in
361 2386 558 2451 editionibus
579 2387 744 2453 nonnullis
766 2385 950 2467 legebatur.

298 2506 525 2591 Quaecunque
547 2508 600 2570 bic
620 2507 742 2589 protuli
764 2511 797 2571 et
816 2507 915 2589 loeoq
938 2507 1059 2589 quibus
1079 2504 1118 2577 Μ
1132 2527 1209 2571 cum
1237 2505 1440 2572 deteriorum

194 2609 346 2676 codicum
366 2611 530 2676 nonnullis
552 2617 691 2692 excepto
713 2605 742 2679 C
764 2627 945 2693 congruere
965 2630 1067 2692 supra
1088 2611 1175 2688 dixi,
1202 2611 1231 2674 si
1251 2613 1439 2677 accuratius

193 2716 423 2798 reputaveris,
455 2733 498 2779 ea
526 2716 561 2778 in
583 2713 704 2780 eodem
725 2715 847 2797 scripta
868 2715 970 2780 husee
991 2713 1123 2793 codice,
1154 2716 1190 2777 in
1211 2731 1277 2797 quo
1299 2715 1440 2799 relique,

193 2838 282 2903 quae
302 2821 436 2886 omniuo
458 2839 535 2884 cum
555 2817 592 2889 A
614 2819 827 2897 consentiunt,
847 2817 939 2884 haud
959 2819 1056 2885 facile
1077 2819 1139 2882 tibi
1157 2817 1367 2900 persuadeas.

296 2942 432 3008 Paucae
452 2942 542 3006 enim
563 2942 649 3004 inter
670 2958 736 3023 eas,
758 2959 846 3022 quae
867 2959 944 3004 cum
961 2939 1167 3022 reliquorum
1183 2939 1438 3005 codicumnullo

194 3044 325 3124 iaciunt,
347 3047 529 3129 wfipturae
549 3045 769 3128 reperiuntur,
791 3061 880 3127 quse
900 3045 1032 3109 omnino
1055 3044 1178 3125 possint
1200 3043 1308 3108 videri
1329 3061 1438 3107 eme·

194 3148 285 3213 lioris
306 3151 437 3230 generis
459 3148 572 3213 codice
599 3166 672 3212 esse
698 3147 862 3224 adscitae,
896 3165 980 3228 quas
1013 3148 1067 3210 bic
1099 3147 1288 3221 exscribere
1313 3146 1442 3228 placet:

194 3252 212 3316 I
235 3253 256 3316 3
278 3248 382 3336 γέρων
404 3269 449 3327 τις
472 3250 623 3335 ἐφεστὼς.
643 3251 696 3317 ΠΙ
716 3252 736 3316 2
759 3250 847 3314 tonse
868 3251 931 3332 γὰρ
953 3248 974 3334 ἡ
996 3248 1153 3334 ἐξήγησις·
1175 3251 1206 3316 V
1228 3253 1248 3314 1
1270 3248 1348 3334 ὁρᾷς
1370 3250 1437 3315 οὑν.

193 3352 307 3422 xvln
329 3356 349 3420 2
372 3351 439 3438 μα’
459 3355 567 3439 αὐτῆς.
600 3353 682 3423 XIX
703 3357 723 3418 1
747 3353 774 3416 b
796 3349 959 3436 dedebat<
1003 3349 1070 3421 Sed
1095 3354 1153 3418 bae
1177 3372 1292 3420 omnes
1312 3355 1440 3421 coniec-

195 3465 270 3525 tura
290 3460 397 3541 potuit
417 3460 550 3543 assequi
570 3460 671 3524 bomo
693 3458 815 3540 aliquis
837 3456 971 3541 docum
1003 3457 1075 3520 sive
1107 3456 1264 3522 librarius
1284 3459 1348 3522 tuit
1367 3460 1440 3522 sive

194 3564 265 3642 ipse
287 3557 485 3628 Meibomius
506 3563 578 3627 sive
598 3562 702 3641 alium
736 3561 939 3628 vocabulum
973 3558 1113 3643 ἐφεστὼς
1144 3562 1310 3641 reperiunt
1336 3561 1436 3624 etiam

194 3666 291 3749 lva,
324 3663 494 3748 ἐφιστάναι
516 3669 631 3731 nutem
650 3667 685 3731 in
708 3665 818 3731 verbis
841 3664 994 3746 proxime
1014 3661 1283 3730 antecedentibus
1304 3663 1438 3748 legitur3

195 3769 360 3834 vocabule
389 3768 415 3831 ὢ
437 3765 589 3852 ἡράκλεις
624 3773 753 3834 exstent
774 3772 949 3850 praeterea
969 3768 1018 3833 lv
1040 3768 1068 3831 1.
1089 3764 1154 3829 XII
1176 3769 1209 3845 13
1239 3765 1437 3831 vocabulum

195 3872 274 3954 εἰπε,
297 3873 386 3957 quod
407 3874 441 3936 in
462 3874 599 3957 reliquis
619 3872 787 3938 codicibus
811 3871 964 3936 omnibus
985 3870 1139 3934 inseritur
1160 3873 1234 3953 post
1255 3868 1311 3931 obv
1334 3871 1381 3948 (V
1401 3874 1437 3952 1)

194 3996 359 4060 nusquam
392 3981 568 4060 usurpatur
600 3979 662 4041 boc
696 3975 811 4061 modo,
842 3977 889 4039 ite
922 3979 958 4038 nt
986 3975 1143 4038 facillime
1164 3973 1307 4055 potuerit
1327 3973 1436 4040 induci

195 4079 335 4166 aliquis,
368 4085 404 4144 ut
425 4078 567 4160 deleret3
595 4080 733 4164 reliquis
756 4083 868 4144 autem
888 4079 991 4157 locis,
1024 4096 1044 4141 e
1065 4079 1157 4143 cuins
1178 4076 1307 4158 generis
1325 4080 1438 4146 codice

195 4183 259 4246 sint
269 4181 462 4266 adquisitae,
485 4202 528 4247 ex
549 4184 628 4274 ipsis
650 4182 818 4266 scripturis
838 4199 904 4248 non
924 4182 1004 4248 licet
1024 4178 1211 4262 conicere¹).

300 4477 326 4546 ¹)
347 4475 451 4531 Errare
473 4480 531 4539 sive
553 4478 670 4539 librarii,
689 4478 807 4538 alicuius
832 4479 892 4531 aive
908 4475 1050 4530 lleibomii
1069 4474 1256 4532 videturesse
1274 4482 1337 4532 orta
1353 4479 1438 4549 scrin

199 4565 263 4616 turn
278 4569 337 4631 πρι
355 4578 407 4633 pro
424 4570 496 4632 παρὰ
512 4565 551 4618 1v
570 4565 593 4619 2.
627 4567 661 4620 cf.
678 4565 751 4621 Bast
769 4570 916 4641 comment.
937 4565 1075 4634 paleeogr.
1093 4578 1120 4632 p.
1136 4561 1196 4619 830.

81 4704 175 4743 thum
246 4734 253 4749 ,
