3120 5040
614 1317 815 1444 Chlbb
850 1321 933 1447 lv.

556 1547 606 1619 or
629 1544 806 1620 soluere
829 1526 1012 1624 irruere

262 1776 401 1842 Codices
423 1796 497 1839 mss.
531 1780 707 1858 postquam
742 1776 972 1861 tractavimus,
1012 1778 1054 1842 de
1078 1778 1222 1843 editione
1244 1781 1399 1866 principe,

135 1901 234 1954 ,cum
257 1899 354 1944 nemo
376 1881 492 1964 adhuc,
515 1898 603 1962 quae
626 1881 695 1942 eius
719 1883 805 1944 esset
818 1880 982 1958 condicio,
1004 1883 1212 1963 quaesiverit,
1235 1903 1342 1965 pauca
1362 1886 1402 1948 li-‘

158 1990 231 2049 ceat
242 1984 376 2048 addere.
422 1986 472 2047 De
495 2003 562 2067 qua
584 2003 659 2046 cum
682 1984 784 2047 aliam
806 1985 890 2046 alius
903 1985 1091 2065 protulisset
1105 1989 1306 2066 sententiam,
1329 1989 1399 2069 plu·
1478 2055 1481 2061 ,

159 2089 234 2151 rimi
258 2086 518 2168 consenseram]
541 2089 575 2150 in
597 2087 739 2152 editione
761 2089 830 2151 sine
853 2089 926 2173 loci,
949 2090 1025 2151 anni
1048 2093 1080 2153 et
1103 2091 1301 2172 typographi
1322 2095 1399 2155 nota

157 2193 292 2267 emissa,
326 2211 425 2274 quam
457 2191 592 2274 quidem
622 2192 817 2254 Zachariam
847 2190 1047 2274 Calliergem
1073 2211 1207 2257 curasse
1234 2194 1398 2258 elittera·

157 2317 230 2359 rum
261 2297 367 2359 forma
390 2298 634 2376 coniecerunt).
689 2295 754 2360 Sed
780 2297 906 2360 monuit
929 2293 1089 2377 Brunet³)‚
1112 2316 1187 2360 oum
1209 2299 1399 2363 simillimae

107 2388 110 2394 ’
158 2406 265 2462 essent
287 2400 365 2462 illas
388 2400 516 2462 litterae
539 2401 595 2482 iis,
623 2399 743 2481 quibus
771 2418 848 2463 usus
879 2405 962 2463 esset
985 2398 1164 2484 Callierges
1186 2402 1221 2464 in
1241 2402 1312 2465 alia·
1331 2401 1398 2465 edi·

159 2504 254 2581 tione,
278 2523 379 2585 quam
395 2505 521 2566 a.1517
538 2501 737 2586 emisissem,
758 2502 864 2566 videri
887 2504 970 2565 hanc
992 2504 1168 2569 editionem
1184 2507 1396 2586 posteriorem

159 2625 230 2670 osse
254 2607 382 2692 Aldina,
405 2625 491 2690 quae
514 2608 584 2670 sine
606 2607 682 2670 anni
703 2610 780 2670 nola
802 2607 889 2670 circa
911 2625 939 2671 a.
963 2609 1047 2672 1503
1070 2607 1281 2690 prodiisset.⁵)

263 3039 551 3109 ¹)Srhweigh.1798.
578 3039 662 3107 praef.
681 3055 706 3107 p.
728 3038 829 3091 CXXX
848 3055 888 3106 sq.
923 3020 1043 3091 Fabricii
1061 3039 1129 3091 bibl.
1146 3055 1187 3107 gr.
1205 3055 1260 3090 cur.
1294 3039 1399 3092 Harles.

155 3127 190 3179 11.
209 3144 233 3194 p.
250 3127 308 3188 706.
345 3128 448 3178 Panzer
472 3142 534 3178 ann.
561 3130 618 3193 typ.
636 3124 684 3178 111.
702 3141 742 3176 nr.
761 3125 837 3178 2832.
874 3125 945 3177 Hain
964 3130 1064 3194 repert.
1082 3126 1150 3178 bibl.
1169 3142 1209 3178 nr.
1226 3125 1304 3178 4820.
1321 3125 1398 3180 4821.

155 3215 304 3268 Hoffmann
322 3215 376 3265 lex.
394 3213 460 3264 bibl.
479 3229 498 3265 s.
516 3230 540 3265 v.
559 3211 652 3264 Cebes
670 3211 690 3263 Ι.
708 3211 760 3280 Aa,
778 3230 803 3264 α.

261 3302 284 3371 ²]
313 3304 431 3368 Κιβητος
448 3304 533 3364 πιναξ.
557 3301 698 3353 Bassiano
715 3316 761 3352 του
779 3302 909 3368 Merulae
927 3303 1011 3367 λογος
1028 3317 1094 3366 προς
1111 3317 1173 3364 τους
1189 3315 1273 3365 recog,
1290 3315 1346 3363 πως
1364 3316 1396 3353 αν

155 3391 313 3456 Ελληὴικων
338 3390 486 3454 ωφελοιντο
510 3389 608 3454 λογων.
643 3389 816 3454 messappo
842 3405 901 3454 περι
932 3389 1037 3440 fluidum
1062 3404 1181 3454 αγωγης·
1225 3388 1397 3451 devocamur
1501 3408 1506 3416 ·

155 3477 243 3540 Ιιρων,
283 3473 320 3527 8⁰.
356 3504 391 3514 —-
426 3473 515 3526 Huius
542 3474 672 3525 editionis
700 3472 844 3541 exemplar
869 3473 1026 3526 Florentiae
1052 3477 1194 3525 servatum
1231 3471 1397 3541 (Bandinius

156 3565 206 3612 eat.
233 3560 299 3612 bibl.
327 3560 406 3612 Laur.
440 3559 473 3612 II.
512 3577 535 3628 p.
563 3560 626 3630 571]
660 3559 777 3613 contulit
809 3578 832 3613 a.
860 3561 928 3614 1874
955 3561 1005 3614 Th.
1023 3560 1133 3613 Karrer.
1178 3559 1276 3612 Libros
1303 3563 1396 3612 autem

155 3648 305 3714 impressos
340 3663 435 3698 omnes
471 3664 485 3698 e
521 3646 587 3698 bibl.
615 3647 695 3699 Laur.
729 3647 876 3700 translatos
904 3664 961 3700 esse
987 3649 1018 3699 in
1044 3646 1310 3714 Magliabeehiananr
1339 3661 1398 3698 mo·

107 3774 108 3781 ,
157 3735 217 3784 nuit
243 3751 286 3785 nie
313 3732 343 3785 G.
363 3733 464 3784 Vitelli.
490 3764 526 3772 —
552 3733 592 3785 De
612 3733 691 3785 Zach.
710 3732 777 3786 Call.
813 3735 845 3786 ef.
861 3733 968 3785 Nicolai
994 3733 1090 3786 Gesch.
1114 3733 1140 3784 d.
1166 3732 1322 3800 neugrieelr.
1347 3732 1397 3784 Lu.

158 3837 183 3888 p.
201 3821 243 3873 32.
260 3820 301 3872 41.
314 3819 372 3872 231.
407 3819 572 3888 Bernhardy
583 3820 703 3874 Grundr.
721 3821 747 3872 d.
764 3838 805 3889 gr.
824 3821 887 3873 Litt.
905 3820 928 3872 4.
947 3820 1043 3874 Bearb.
1061 3819 1081 3874 I.
1100 3836 1125 3889 p.
1143 3819 1200 3872 752.
1228 3818 1261 3870 A.
1279 3818 1300 3868 F
1302 3819 1398 3870 irmin-

158 3907 245 3960 Didot
264 3907 336 3959 Alda
353 3907 474 3959 Manuos.
493 3907 576 3960 Paris.
595 3907 669 3960 1875.
687 3923 712 3975 p.
730 3907 782 3959 544
798 3924 858 3976 sqq.

173 4002 175 4007 '
263 3993 286 4063 ³)
305 3993 375 4045 illan.
394 3993 431 4044 du
450 3992 511 4044 libr.
530 3994 553 4044 5.
571 3992 613 4046 e'd.
631 4009 650 4046 s.
668 4011 692 4045 v.
711 3991 803 4046 Cebes.
857 3984 859 3989 ’

261 4080 286 4149 ⁴]
321 4079 435 4134 Homeri
461 4081 597 4148 interpres
624 4082 805 4148 pervetustus.
856 4078 977 4148 Romae,
1005 4080 1035 4130 in
1062 4079 1147 4132 domo
1175 4079 1276 4146 Angeli
1307 4077 1398 4131 Collo·

158 4167 293 4236 tii,1517.

261 4252 285 4321 ⁵]
304 4252 477 4303 Constantini
497 4250 618 4302 Lassaris
637 4250 785 4318 Byzantini
803 4251 837 4303 de
855 4255 919 4304 octo
938 4250 1064 4319 partibus
1089 4251 1222 4303 orationis
1240 4249 1323 4302 Liber
1341 4250 1398 4301 Pri-

158 4355 226 4390 mus.
263 4338 394 4390 Eiusdem
422 4338 456 4389 de
483 4337 694 4390 Constructione
729 4335 812 4389 Liber
838 4337 981 4390 secundus.
1019 4336 1153 4390 Eiusdem
1178 4337 1214 4389 de
1235 4338 1347 4390 nomine
1370 4342 1398 4390 et

158 4425 244 4478 verbo
266 4424 348 4475 Liber
366 4425 470 4476 tertius.
488 4463 495 4476 .
512 4462 518 4475 .
537 4463 542 4476 .
587 4422 701 4475 Cebetis
720 4424 815 4476 tabula
834 4429 860 4476 et
879 4439 977 4493 graeca
994 4426 1025 4474 et
1040 4423 1135 4492 latina,
1153 4440 1222 4492 opus
1242 4423 1354 4493 morale,
1371 4427 1398 4476 et

161 4511 228 4563 utile
252 4509 382 4564 omnibus
415 4515 442 4562 et
475 4512 620 4580 praecipue
646 4510 868 4563 adulescentibus
894 4551 900 4563 .
928 4551 934 4563 .
960 4550 966 4562 .
992 4549 998 4562 .
1045 4510 1167 4562 Venetiis
1183 4510 1258 4578 apud
1284 4509 1399 4562 Aldum.

158 4597 194 4650 4⁰.
213 4629 249 4639 -
266 4597 298 4650 cl.
316 4596 467 4651 Renouard
485 4614 547 4650 ann.
566 4598 599 4650 de
617 4598 719 4667 l'impr.
738 4599 785 4651 des
795 4597 889 4652 Aldes.
908 4595 985 4666 hed.
1002 4597 1087 4651 Paris.
1105 4597 1179 4651 1825.
1197 4594 1231 4650 11.
1249 4595 1331 4666 proc
1339 4611 1398 4666 sqq.
