3120 5040
700 437 906 507 ..39-

179 620 268 681 stare
301 617 481 700 scripturas
509 615 611 681 satius
645 618 694 680 est
725 618 892 701 statuere,
926 618 998 683 siva
1031 620 1095 684 hae
1117 621 1297 689 Meibomio
1320 625 1427 706 magis

179 721 376 802 placuerunt
392 738 494 804 quam
516 719 675 799 codicum,
696 719 769 784 sive
791 738 971 804 excerpere
992 725 1139 807 neglexit
1160 727 1343 808 scripturae
1363 727 1428 794 dis·

180 825 375 906 erepenbas.
556 833 562 843 '

284 944 371 1009 Tum
394 949 506 1009 eutem
528 945 744 1010 inMeibomii
767 945 909 1012 editione
929 967 994 1013 non
1017 949 1112 1013 unius
1135 949 1255 1015 codicis
1277 951 1429 1017 exhiberi

179 1051 355 1131 scripturas
379 1050 606 1130 manifestum
629 1045 802 1131 praeteri}
822 1053 909 1114 enim
932 1052 1079 1117 melioris
1102 1055 1232 1137 generis
1245 1057 1429 1138 'exemplar

180 1171 257 1218 eum
279 1153 434 1218 babuisse
456 1155 490 1218 in
513 1154 668 1218 manibus
693 1158 820 1219 certum
843 1159 910 1235 est3
942 1155 1000 1220 sed
1023 1157 1202 1239 quaeritur,
1231 1178 1321 1238 num,
1343 1178 1427 1243 quas

180 1279 198 1326 e
222 1255 250 1327 0
271 1277 335 1323 non
359 1258 464 1340 potuit
486 1257 686 1339 depromere
705 1259 892 1341 scripturas,
925 1277 987 1324 eea
1009 1278 1123 1326 omnes
1145 1262 1179 1325 in
1202 1263 1264 1327 hoc
1285 1264 1352 1328 alio
1375 1282 1426 1328 co·

180 1364 254 1428 dice
276 1362 443 1428 exstitisse
465 1361 631 1442 putandae
653 1362 725 1426 sint.

285 1482 394 1566 Atque
428 1482 461 1545 in
495 1483 557 1545 hac
580 1485 773 1565 quaestione
805 1485 1005 1550 instituenda
1036 1487 1199 1569 imprimis
1232 1489 1426 1554 removendi

182 1592 255 1652 sunt
278 1589 302 1650 ii
325 1586 404 1665 loci,
421 1586 542 1671 quibus
563 1583 600 1654 Μ
621 1588 668 1650 ita
690 1587 816 1653 recedit
837 1589 881 1654 ab
896 1585 940 1667 Α,
963 1594 999 1654 ut
1021 1610 1095 1655 cum
1119 1593 1327 1677 reliquorum
1349 1611 1427 1657 non·

155 1692 279 1772 „nullis
311 1690 512 1776 consentiat,
544 1691 603 1754 etsi
638 1692 740 1756 etiam
768 1693 802 1755 in
824 1693 890 1757 alio
912 1693 1026 1761 codice
1048 1715 1104 1760 eoa
1126 1699 1174 1761 ita
1195 1699 1334 1764 sortasse
1355 1718 1428 1763 esse

180 1795 316 1878 scriptos
350 1789 486 1860 minime
507 1813 613 1880 nege,
646 1814 722 1859 cum
744 1796 907 1860 nonnullis
929 1797 1009 1863 locis
1032 1800 1154 1863 nullius
1174 1802 1245 1866 fere
1267 1803 1427 1867 momenti

179 1901 243 1964 sint
264 1900 448 1982 scripturae
470 1900 718 1983 discrepantiae,
739 1900 830 1983 iique
851 1900 913 1964 soli
934 1905 1010 1965 sunt
1025 1902 1212 1989 adhibendi,
1235 1906 1355 1988 quibus
1369 1909 1430 1969 aut

179 2006 375 2087 scripturam
399 2004 520 2069 codicis
543 2000 579 2070 A
612 2005 744 2067 omnino
778 2005 909 2085 respicit
938 2010 996 2068 aut
1018 2007 1061 2070 ab
1083 2009 1236 2072 omnibus
1259 2010 1427 2074 codicibus

178 2109 277 2172 distet
309 2107 354 2191 (p.
378 2111 420 2172 19
434 2143 473 2155 -
487 2107 560 2193 28),
603 2108 710 2189 primo
743 2111 856 2172 autem
890 2109 991 2173 etiam
1024 2111 1077 2174 bic
1109 2112 1143 2174 in
1176 2113 1287 2194 priore
1318 2113 1426 2178 libelli

182 2217 277 2296 parte
299 2214 525 2277 subsistamus.
1215 2209 1218 2215 ’
1369 2237 1373 2244 ·

284 2335 354 2397 Etsi
386 2335 485 2414 igitur
507 2333 650 2397 alterum
661 2332 831 2398 Meibomii
853 2331 1000 2399 codicem
1022 2336 1122 2400 luisse
1143 2338 1350 2401 simillimum
1374 2356 1425 2402 co·

183 2437 293 2506 diciA
317 2437 490 2521 permultis
513 2437 592 2501 locis
625 2436 704 2500 satis
727 2435 892 2515 docemur,
924 2437 1027 2518 aliis¹)
1049 2440 1170 2503 mirum
1194 2445 1353 2524 quantum
1377 2461 1427 2506 re-

183 2545 267 2609 cedit
283 2564 304 2608 a
320 2538 488 2608 codiaIsA
510 2541 706 2623 integritate,
728 2540 775 2602 ita
789 2544 826 2604 ut
847 2539 945 2604 valde
968 2539 1107 2626 dubites,
1129 2564 1210 2607 num
1232 2546 1268 2624 is,
1290 2547 1348 2628 qui
1371 2555 1426 2611 eos

180 2649 315 2731 obtulit,
342 2645 458 2711 codex·
471 2645 554 2708 tenti
574 2643 617 2708 sit
637 2642 807 2706 faciendus
829 2645 943 2727 quanti
965 2641 1009 2725 A,
1031 2649 1226 2726 praesertim
1250 2667 1325 2712 cum
1348 2667 1426 2713 non-

178 2753 277 2815 nullis
300 2749 407 2833 locis2)
430 2753 562 2832 apertas
585 2747 708 2811 habeet
729 2746 883 2831 lacuncs3
913 2749 971 2812 alii
993 2750 1094 2813 etiam
1115 2752 1335 2833 suspicionem
1357 2772 1426 2817 mo-

180 2858 257 2919 vent
289 2870 354 2917 non
387 2873 406 2916 e
439 2852 586 2918 melioris
619 2850 749 2933 generis
779 2851 961 2930 exemplari
985 2869 1041 2915 eos
1063 2854 1280 2936 assumpsisse
1301 2855 1426 2920 Maibo-

178 2960 292 3038 mium,
315 2958 476 3038 imprimis
498 2975 592 3040 unus,
615 2955 673 3040 qui
695 2960 804 3020 exstat
825 2957 859 3019 in
881 2958 953 3020 cX
973 2959 997 3020 4
1020 2956 1085 3020 ἀπὸ
1107 2954 1208 3042 τύχης
1233 2957 1423 3044 συναντήοῃ.

179 3064 232 3128 Ad
256 3065 314 3127 hos
336 3065 449 3125 autem
467 3061 634 3125 accedunt
655 3060 732 3144 alii,
766 3061 824 3124 ubi
853 3061 887 3124 in
909 3060 1023 3125 codice
1045 3062 1157 3143 aliquo
1180 3080 1240 3126 ms.
1263 3063 1427 3129 exstitisse

178 3168 283 3232 verbe
304 3186 326 3230 a
347 3151 498 3230 Relando
531 3164 699 3246 adscripta
720 3165 802 3227 mihi
825 3163 960 3248 quidem
982 3168 1019 3227 ut
1039 3163 1281 3250 persuadeam,
1315 3167 1425 3232 fecere

178 3293 242 3336 non
264 3260 411 3353 possum;
435 3287 523 3352 quae
545 3270 649 3334 verba
670 3270 699 3332 si
719 3286 839 3332 revere
860 3269 945 3333 alter
957 3269 1125 3333 Meibomii
1145 3269 1251 3333 codex
1263 3271 1426 3354 praebuit,

180 3394 257 3439 eum
289 3379 460 3456 tamquam
483 3373 527 3438 ab
550 3373 685 3437 homine
703 3372 819 3454 aliquo
842 3369 937 3435 docto
960 3374 1144 3436 correctum
1167 3374 1304 3436 minime
1327 3372 1426 3437 debe·

180 3498 253 3542 mus
276 3477 394 3542 eodem
416 3478 541 3543 bebere
562 3477 635 3540 loco
657 3493 725 3559 quo
746 3472 790 3556 A,
813 3473 910 3558 quod,
932 3494 1008 3537 cum
1031 3475 1104 3539 aliis
1127 3476 1207 3540 locis
1229 3481 1298 3539 tam
1323 3478 1426 3540 mani·

179 3584 261 3646 leste
283 3600 399 3645 veram
420 3581 604 3646 servaverit
625 3581 844 3663 scripturam,
878 3578 1059 3642 admodum
1094 3585 1142 3643 est
1172 3582 1303 3643 mirum.
1347 3581 1429 3645 Sunt

180 3689 292 3749 autem
315 3684 351 3748 hi
373 3683 451 3749 loci:
474 3685 534 3748 X1
559 3681 636 3768 ὁρᾷς
658 3680 761 3747 ὀπίσω
777 3703 807 3746 τι
828 3680 940 3766 μικρὸν
965 3681 1031 3745 ἅνω
1055 3681 1164 3766 ὥσπερ
1186 3681 1309 3768 θυρίον.
1333 3685 1429 3748 ΧΧ4

300 4063 400 4135 ¹]112
419 4065 522 4129 ἄφρων.
547 4060 587 4112 111
608 4061 624 4112 1
644 4065 685 4129 ιῐη
704 4061 811 4129 μεγάλη
830 4061 934 4127 exulta.
960 4058 997 4110 IV
1018 4060 1034 4111 2
1051 4063 1221 4127 uopsbealiat.
1240 4060 1280 4112 VI
1297 4062 1314 4114 3
1332 4066 1432 4132 ἥξουσι,

181 4155 308 4220 saorra
328 4150 382 4202 VII
400 4151 423 4203 2.
442 4147 509 4201 VIII
528 4147 544 4198 2
564 4151 658 4202 ἰδωκι.
677 4146 730 4198 X4
746 4149 792 4200 τὸν
810 4148 904 4200 λοιπὸν
922 4149 1015 4204 τοῦτου
1034 4137 1098 4214 ilco.
1116 4146 1182 4198 XVI
1200 4148 1218 4200 4
1234 4153 1432 4217 καταβαίνουσι.

178 4237 245 4290 XVI
273 4238 289 4289 5
315 4242 363 4291 καὶ
389 4237 546 4305 ἀληθινὴν.
581 4231 675 4284 XVIII
701 4231 719 4284 4
745 4235 817 4286 εἰσὶν.
848 4230 914 4283 XXI
935 4231 952 4283 3
978 4237 1131 4304 πιριόργως.
1149 4265 1184 4276 —
1209 4234 1285 4288 1113
1304 4241 1430 4293 ausura.

181 4325 204 4376 V
224 4325 248 4394 2,
267 4324 284 4376 3
302 4328 391 4378 διτατί.
410 4327 485 4378 biart.
527 4319 566 4372 IX
585 4318 601 4370 3
619 4321 721 4386 ἀνᾰψῃ,
756 4316 823 4369 XIX
842 4317 859 4368 1
877 4319 977 4383 οὐτοὺς.

287 4410 311 4480 ²]
330 4408 371 4461 111
389 4409 405 4460 1
421 4412 488 4477 πρὸς
506 4413 601 4462 τοίνυν.
639 4404 680 4457 IV
698 4403 714 4454 3
734 4407 773 4458 δεῖ
790 4407 904 4471 βαδίζειν
922 4407 939 4472 ἣ
957 4410 1022 4470 πῶς.
1059 4405 1082 4457 V
1103 4407 1119 4458 3
1138 4412 1193 4475 βίον
1211 4415 1317 4477 πάντες.
1336 4410 1432 4464 VIII3

178 4503 237 4557 τίνα
256 4501 333 4552 lesco.
370 4494 410 4546 IX
427 4495 443 4546 3
462 4498 509 4549 ἐὰν
520 4512 566 4559 τις.
603 4492 629 4544 X
647 4492 664 4543 1
682 4493 817 4544 σκοτεινὸν
836 4492 918 4558 μάλα.
954 4489 1099 4560 xeres
1117 4497 1234 4568 ἁδιλφὴ.
1258 4497 1324 4550 XIV
1342 4497 1360 4550 4
1378 4501 1431 4554 ὧδε

181 4588 315 4655 piscosas.
333 4585 492 4652 ψευδοποιῑᾳ
508 4583 580 4637 οὐδὲ.
616 4576 685 4634 XIX
703 4576 770 4647 bro
786 4579 924 4647 περιβόλῳ.
