3120 5040
673 454 890 517 „42-

158 632 328 710 tamquam
350 627 492 710 glossam
517 627 716 692 vocabulum
739 622 936 710 ἀπόλαυσιν,
969 643 1035 708 quo
1068 625 1101 687 in
1124 623 1325 706 ipsa'verba
1347 639 1400 686 re·

158 736 252 814 cepto
295 732 459 797 vocabula
503 729 649 816 μέγιστον
690 729 815 816 ἀγαθον
856 730 1142 795 commutabantur
1175 730 1209 792 in
1240 723 1399 812 μεγίστων

159 834 293 920 ἀγαθῶν
316 841 416 919 atque
437 835 622 900 addebatur
644 836 805 918 particula
827 832 891 897 καὶ.

260 941 305 1003 Iis
326 943 501 1021 praeterea
522 939 641 1023 locis¹),
664 941 721 1005 ubi
743 940 847 1004 verba
868 938 996 1004 codices
1019 937 1198 1002 deteriores
1214 954 1329 1002 omnes
1345 933 1401 998 vel

126 1027 134 1047 '
156 1043 331 1127 plerosque
352 1041 511 1113 exhibere
533 1047 686 1125 corrupta
708 1047 863 1126 apparet,
897 1044 1034 1107 minime
1066 1042 1190 1107 recedit
1221 1042 1265 1106 ab
1287 1040 1328 1104 iis
1353 1035 1401 1123 Μ,

156 1147 203 1209 ite
222 1150 265 1209 ‘ut
298 1147 371 1210 iam·
397 1149 430 1210 in
463 1148 633 1231 utriusque
663 1149 792 1230 generis
814 1146 927 1212 codice
949 1149 1128 1228 archetypo
1151 1146 1316 1211 exstitisse
1338 1145 1402 1208 illa

158 1247 278 1313 menda
311 1249 457 1331 putanda
488 1252 573 1330 sint,
605 1252 633 1314 si
666 1251 801 1334 quidem
835 1271 854 1315 e
886 1251 1033 1315 melioris
1055 1250 1185 1332 generis
1208 1247 1323 1312 codice
1343 1266 1402 1312 ex·

157 1353 284 1434 scripsit
300 1338 514 1419 'Meibomius
570 1355 698 1438 Quibus
721 1357 805 1420 alius
828 1356 929 1419 ctiam
951 1353 1078 1418 accedit
1099 1353 1209 1430 locus,
1243 1352 1300 1416 ubi
1335 1369 1402 1416 une

158 1456 293 1539 quidem
316 1458 478 1524 vocabulo
501 1460 598 1524 distat
620 1457 657 1526 M
679 1479 700 1524 a
722 1460 878 1543 reliquis:
909 1458 1022 1523 XXIV
1046 1460 1065 1521 2
1093 1454 1290 1520 δεικνύουσιν
1314 1454 1404 1519 αὐτῶ

158 1560 232 1636 τοὺς
255 1567 365 1637 κακῶς
388 1560 472 1635 (ἐκεῖ
493 1560 546 1640 Κ)
577 1563 790 1650 διατρίβοντας
814 1562 856 1640 ὡς
879 1568 990 1638 κακῶς
1012 1561 1098 1645 (εἰκῆ
1121 1558 1173 1638 Μ)
1206 1557 1405 1646 διατρίβουσι

158 1665 238 1742 (om.
257 1661 308 1744 K)
330 1664 387 1727 καὶ
408 1664 530 1744 ἀθλιῶς
552 1667 640 1750 ζῶσι,
662 1669 721 1733 sed
743 1688 803 1733 nec
818 1663 987 1732 codicisM
1008 1666 1202 1747 scripturam
1227 1683 1300 1728 esse
1321 1665 1406 1727 inte-

159 1787 254 1851 gram
276 1787 374 1834 nemo
397 1775 455 1855 cst,
477 1773 556 1854 quin
578 1773 697 1837 videet.
738 1770 787 1836 Eo
809 1776 921 1836 antem
942 1772 1024 1853 loco,
1047 1787 1113 1853 quo
1134 1770 1206 1834 solo
1228 1768 1405 1832 manifeste

160 1890 274 1938 veram
296 1876 443 1939 servavit
463 1877 659 1958 scripturam
674 1873 718 1954 Μ,
742 1877 897 1941 consentit
920 1896 995 1938 com
1018 1892 1058 1939 eo
1073 1871 1116 1951 V,
1139 1874 1186 1937 ita
1208 1877 1244 1936 nt
1266 1890 1331 1936 non
1354 1872 1407 1948 sit,

160 1995 219 2040 cur
256 1997 275 2041 e
314 1980 459 2043 melioris
496 1982 625 2063 generis
663 1981 846 2063 exemplari
885 1998 960 2043 eam
999 1997 1072 2042 esse
1105 1979 1258 2041 haustam
1292 1975 1405 2053 dicam

159 2079 316 2146 XXVIIt
340 2084 429 2146 enim
451 2084 608 2148 aberrans
631 2085 784 2149 librarius
806 2083 941 2167 quidam
964 2102 986 2146 a
1008 2081 1177 2145 vocabulis
1201 2077 1231 2142 οἱ
1254 2078 1289 2142 δὲ
1310 2078 1405 2143 ἀστε-

159 2181 299 2267 φάνωτοι
321 2187 364 2250 ad
387 2187 506 2251 eadem
529 2189 700 2266 vocabula,
734 2207 822 2272 quae
843 2189 877 2250 in
900 2207 927 2254 c.
949 2185 1079 2251 XXVII
1101 2186 1122 2249 3
1144 2186 1309 2267 leguntur,
1342 2201 1407 2265 pro

161 2285 190 2350 ci
213 2285 248 2350 δὲ
270 2287 487 2373 ἀστεφάνωτοι
509 2287 611 2375 λύπης
633 2290 689 2353 καὶ
710 2298 854 2374 ταραχῆς
887 2275 1015 2372 scripsit
1048 2287 1078 2351 ci
1111 2286 1147 2351 δὲ
1184 2284 1409 2370 ἀστεφάνωτοι

161 2389 190 2454 οἱ
213 2392 269 2476 μὲν
293 2392 543 2477 ἀπεγνωσμένοις
570 2396 627 2458 sed
650 2396 778 2476 cognito
800 2397 911 2458 statim
933 2412 1045 2458 errore
1068 2392 1199 2456 videtur
1220 2395 1311 2456 recte
1331 2410 1409 2472 per·

159 2498 285 2560 nonime
307 2497 444 2579 quidem
465 2499 634 2563 vocabulis
656 2497 789 2574 καὶτὰς
811 2495 935 2581 κνήμας
957 2517 988 2560 κ.
1002 2517 1029 2560 τ.
1042 2493 1083 2578 X,
1106 2495 1271 2560 vocabula
1291 2491 1322 2557 ci
1345 2493 1406 2578 μὲν

161 2599 399 2684 ἀπεγνωσμένα
421 2606 533 2665 autem
556 2621 619 2667 non
643 2603 814 2686 delevisse,
836 2602 907 2665 sive
927 2620 1028 2683 supra
1050 2620 1092 2665 ea
1113 2603 1185 2663 sive
1206 2600 1241 2662 in
1253 2599 1409 2680 margine

160 2706 311 2786 apposuit
330 2724 446 2770 veram
467 2707 664 2789 scripturam
687 2703 790 2789 λύπης
812 2704 868 2767 καὶ
889 2712 1047 2788 ταραχῆς;
1070 2704 1128 2787 qui
1149 2704 1249 2784 igitur
1272 2720 1317 2766 ex
1342 2703 1408 2766 hec

161 2808 273 2873 codice
285 2812 571 2893 transscripserunt
582 2829 667 2887 suos,
690 2810 739 2872 his
752 2809 921 2873 vocabulis
936 2808 1093 2890 neglectis
1116 2826 1157 2872 ea
1178 2808 1251 2871 sola
1272 2822 1410 2888 rsoepe-

160 2916 255 2989 runt,
288 2931 376 2996 quae
397 2915 431 2976 in
454 2915 524 2994 ipso
547 2932 644 2977 versu
668 2917 761 2978 crant
782 2917 940 2991 exarata,
980 2911 1405 2993 apostorioribus.autem,·

161 3035 237 3078 cum
260 3017 449 3081 viderentur
471 3036 543 3080 esse
565 3022 736 3098 corrupta,
771 3017 1076 3092 commutabantur,
1111 3022 1147 3079 ut
1173 3032 1272 3097 supra
1292 3012 1404 3075 retuli.

266 3120 409 3197 Accedit,
431 3120 519 3203 quod
542 3121 724 3202 scripturae
746 3120 985 3202 discrepantiae
1006 3119 1050 3183 ad
1073 3121 1287 3201 posteriorem
1296 3115 1406 3207 nuelli

162 3226 291 3304 partem
314 3227 494 3304 spectantes
516 3230 671 3307 qurattuor
694 3227 820 3287 tantum
842 3225 1039 3305 paginarum
1061 3223 1167 3304 spatio
1190 3223 1225 3284 in
1236 3219 1408 3285 Meibomii

163 3326 306 3390 editione
327 3328 550 3406 continentur,
584 3348 680 3412 cum,
715 3346 804 3410 quae
833 3326 876 3390 ad
899 3328 1042 3408 priorem
1066 3327 1248 3409 pertinent,
1281 3327 1409 3407 septem

163 3432 329 3518 impleant,
352 3430 450 3514 quod,
472 3433 533 3494 etsi
556 3432 668 3512 [sanilo
691 3433 797 3495 minor
820 3435 869 3493 est
891 3431 997 3494 altera
1019 3449 1095 3511 pars
1120 3429 1238 3509 priore,
1260 3430 1335 3491 iure
1351 3427 1412 3490 mi·

162 3536 254 3600 reris.
301 3533 403 3611 Adde,
439 3535 527 3618 qood
550 3537 582 3597 in
606 3536 722 3599 iisdem
746 3535 865 3613 verbis,
900 3534 1075 3617 inquibus
1099 3525 1333 3615 (Κνώσιοι
1357 3530 1420 3595 de-'

165 3640 259 3703 siisse
280 3636 336 3716 M;
359 3640 511 3702 mutilum
535 3640 635 3721 igitur
657 3658 734 3702 eum
756 3639 857 3702 fuisse
878 3639 911 3700 in
935 3640 999 3701 fine
1020 3640 1175 3718 putemus
1198 3639 1337 3718 oportet.

267 3743 493 3828 Quaecunque
515 3745 569 3807 hic
591 3743 730 3824 exposui
751 3743 779 3805 si
801 3745 1002 3822 reputamus,
1036 3757 1170 3821 prorsus
1191 3740 1286 3803 aliter
1313 3737 1415 3801 nobis

163 3847 367 3910 sentiendum
392 3847 434 3910 de
456 3846 568 3911 codice
589 3846 779 3927 Meibomii,
811 3849 913 3928 atque
946 3842 1055 3908 adhuc
1087 3844 1235 3909 fecerunt
1256 3837 1414 3906 homines

165 3949 261 4014 docti.
307 3951 350 4013 Ut
374 3951 487 4032 paucis
510 3946 803 4031 comprehendam:
1222 3969 1226 3977 ·

284 4053 307 4117 Ι.
341 4053 497 4118 Codicem
520 4050 547 4119 Ο
569 4050 759 4117 adhibuisse
780 4051 1017 4135 Meibemium,
1049 4053 1121 4116 sive
1152 4048 1334 4132 quisalius
1358 4067 1415 4113 ex-

337 4159 454 4239 cerpsit
477 4157 626 4222 codicum
648 4158 835 4239 scripturas,
857 4160 1005 4242 constat..

169 4333 580 4345 ι--ιη-ι--σ--ι-

270 4503 291 4561 1)
320 4489 422 4551 'XXXV
443 4501 459 4551 3
479 4506 518 4555 οτι
536 4505 563 4555 ἀν
581 4508 617 4568 τῷ
636 4504 729 4568 optime
746 4504 884 4569 ποριβόλω.
925 4498 1029 4552 XXXV
1048 4498 1064 4549 5
1083 4502 1131 4552 ἐὰν
1150 4503 1235 4566 οὕτως
1254 4504 1348 4568 ποτῆτα
1366 4507 1420 4556 καὶ

157 4590 345 4654 ἀνδιατρίβγτι.
388 4586 506 4639 XXXIX
529 4588 539 4638 l
559 4591 595 4652 ὡς
613 4591 644 4641 οὐ
662 4590 801 4651 πολλάκις.
839 4587 886 4638 XL
906 4587 921 4638 1
938 4592 1002 4641 ὅταν
1020 4591 1154 4654 τιμῶνται.
