3120 5040
675 462 888 536 ..1n„.

257 648 395 717 Maximi
418 668 461 713 ex
485 647 533 712 his
558 651 606 711 est
628 647 785 710 momenti
809 647 899 708 locus
921 661 941 706 e
966 662 991 708 α
1010 642 1091 707 XIV
1113 634 1311 724 exscriptum
1343 652 1399 727 op·

156 760 235 821 time
247 759 334 820 enim
356 773 404 837 eo,
427 771 513 837 quae
534 750 669 816 secundi
692 751 821 831 generis
843 747 994 813 codicum
1015 749 1058 812 sit
1079 746 1235 826 condicio
1258 749 1400 813 illustra·

155 868 216 926 tur.
261 860 373 943 Quare
395 858 578 922 accuratius
602 873 678 918 eum
702 857 889 917 tractemus.

260 1014 484 1096 Responderat
509 1030 611 1076 senex
633 1010 814 1092 peregrinis
836 1009 1112 1092 interrogantibus
1135 1008 1232 1088 (XIV
1254 1010 1299 1089 2),
1320 1029 1399 1073 nom

157 1121 324 1201 opiniones
346 1121 379 1181 in
402 1117 581 1182 secundum
605 1119 756 1197 saeptum
780 1100 907 1192 intrent,
931 1132 987 1177 eas
1015 1114 1079 1177 huo
1097 1113 1279 1195 pervenire,
1312 1113 1400 1196 quod

157 1224 189 1284 in
213 1222 397 1285 hominibus
420 1224 591 1284 remaneat
614 1219 712 1280 etiam
737 1221 840 1300 potus,
863 1235 963 1299 quem
986 1217 1172 1297 porrexerit
1197 1217 1337 1295 fallacia,
1360 1218 1400 1279 si·

157 1326 292 1407 mulque
315 1325 499 1406 ignorantia
522 1327 553 1385 ct
575 1321 776 1402 insipientia3
810 1319 929 1383 deinde
961 1356 1004 1366 -
1037 1326 1074 1384 ut
1106 1319 1241 1385 secundi
1272 1303 1401 1402 generis

156 1427 285 1492 codices
300 1444 479 1509 sequamur
493 1460 530 1472 -
547 1426 654 1506 pergit
668 1425 728 1487 ita:
751 1420 806 1484 καί
829 1423 866 1485 οὐ
890 1424 933 1507 μὴ
957 1420 1085 1508 ἀπίλθη
1099 1421 1154 1486 ἀπ’
1169 1424 1273 1488 αὐτῶν
1290 1421 1399 1508 αὔθ’ἡ

157 1527 235 1607 δόξα
266 1526 339 1592 οὔθ’
369 1527 392 1612 ἡ
424 1525 519 1612 λοιπὴ
542 1527 642 1589 κακία
665 1523 774 1611 μέχρις
798 1526 835 1590 ἂν
859 1525 1053 1610 ἀπογνόντες
1075 1535 1131 1611 τῆς
1154 1524 1399 1610 ψευδαπαιδείας

159 1631 344 1696 εἰσέλθωσιν
368 1632 411 1708 είς
433 1633 489 1716 τὴν
513 1629 670 1715 ἀληθινὴν
694 1628 768 1694 όδόν
791 1628 846 1693 καί
869 1628 963 1694 πίωσι
985 1632 1042 1715 τὴν
1064 1629 1184 1695 τούτων
1197 1629 1399 1716 καθαρτικὴν

158 1734 297 1820 δύναμιν.
328 1737 495 1800 Hactenus
518 1736 629 1799 omnia
652 1737 740 1798 recte
763 1753 799 1798 se
821 1735 959 1818 habent3
981 1734 1084 1798 sedin
1098 1731 1402 1799 iisdem'codicibus

158 1861 233 1904 cum
255 1841 321 1904 iilis
343 1840 453 1905 verbis
478 1841 558 1902 haec
581 1840 837 1921 coniunguntur:
870 1836 926 1900 καί
948 1834 1110 1924 ἐκβάλωσι
1131 1840 1171 1902 τὰ
1193 1839 1283 1902 κακὰ
1304 1837 1403 1904 πάνθ’

159 1945 219 2006 όσα
249 1943 360 2028 ἔχουσι
392 1941 448 2005 καί
483 1944 539 2017 τὰς
573 1939 667 2019 δόξας
690 1940 745 2004 καί
767 1942 824 2024 τὴν
847 1941 978 2026 ἄγνοιαν
1000 1941 1057 2004 καί
1078 1944 1135 2027 τὴν
1159 1939 1273 2028 λοιπὴν
1296 1952 1402 2008 πᾶσαν

158 2044 275 2110 κακίαν
289 2049 388 2111 -ita
400 2053 467 2111 uta
490 2047 659 2111 vocabulis
687 2044 743 2108 καί
765 2046 803 2108 οὐ
827 2047 869 2130 μὴ
893 2043 1022 2130 ἀπέλθῃ
1049 2046 1218 2131 usquead
1242 2048 1404 2113 vocabula

159 2149 213 2212 καί
236 2152 292 2234 τὴν
316 2148 430 2234 λοιπὴν
455 2157 561 2214 πᾶσαν
584 2147 702 2214 κακίαν
726 2151 837 2214 omnia
860 2152 1068 2216 cohaereant.

263 2308 306 2370 At
329 2308 402 2389 quis
426 2311 481 2384 esi,
505 2308 563 2389 qui
582 2307 689 2370 dicat:
723 2306 761 2369 οὐ
784 2306 827 2389 μὴ
851 2301 980 2390 &atita
1003 2302 1059 2368 ἀπ’
1082 2305 1185 2368 αὐτῶν
1201 2303 1309 2388 οῠό’ἡ
1326 2303 1403 2383 δόξα

160 2408 233 2473 οὔθ’
261 2408 282 2493 ἡ
312 2407 409 2492 λοιπὴ
439 2407 539 2472 κακία
563 2406 672 2493 μέχρις
696 2410 733 2473 ἂν
762 2445 805 2457 -
836 2405 1001 2495 ἐκβάλωσι
1024 2409 1066 2472 τὰ
1092 2411 1182 2472 κακὰ
1215 2407 1313 2473 πάνθ’
1343 2409 1403 2472 όσα

160 2515 271 2599 ἔχουσι
293 2513 349 2576 καί
372 2514 428 2590 τὰς
452 2511 546 2592 δόξας
569 2512 624 2576 καί
645 2514 701 2596 τὴν
725 2513 854 2596 ἄγνοιαν
877 2510 933 2574 καί
953 2513 1010 2595 τὴν
1034 2510 1148 2596 λοιπὴν
1168 2521 1274 2577 πᾶσαν
1286 2509 1414 2576 κακίαν

164 2656 203 2666 -
229 2621 282 2682 vel
305 2619 406 2682 latine
428 2620 455 2681 si
478 2621 600 2684 vertas:
624 2637 785 2701 nunqnam
807 2615 927 2680 recedet
949 2615 989 2680 ob
1011 2616 1078 2680 illis
1099 2637 1196 2701 neqne
1219 2617 1325 2701 opinio
1348 2637 1404 2681 nee

160 2723 284 2806 reliqna
313 2721 439 2786 malitia
472 2721 568 2786 donec
592 2722 738 2786 eiecerint
761 2726 789 2786 ei
811 2721 974 2804 opiniones
997 2725 1024 2784 ei
1047 2721 1202 2804 reliquam
1225 2720 1405 2784 malitiam?

161 2828 256 2888 Duae
271 2831 360 2889 certe
376 2828 427 2889 hic
440 2828 474 2890 in
490 2845 589 2889 unam
603 2826 795 2889 coaluerunt
818 2828 936 2907 partes,
959 2842 1100 2906 quarum
1124 2825 1213 2906 prior
1235 2829 1301 2888 ast:
1324 2843 1404 2887 nnn·

162 2949 256 3013 pernen
278 2928 398 2992 recedet
431 2929 538 3013 opinio
573 2928 612 2992 ab
645 2929 710 2991 iliis
743 2927 839 2991 donee
873 2927 957 2991 niam
987 2947 1094 2992 eerarn
1116 2929 1251 3012 inpressi
1268 2927 1404 3012 pnrpnti

161 3039 253 3097 ernni
268 3068 307 3078 -
320 3034 425 3097 altera
447 3033 481 3096 id
505 3034 695 3110 continetur,
719 3031 807 3115 quod
832 3049 875 3095 ex
897 3050 936 3097 eo
959 3016 1178 3115 consequitur,
1201 3030 1289 3114 quod
1312 3032 1403 3093 viam

160 3154 277 3199 veram
299 3137 437 3217 ingressi
459 3139 590 3218 purgati
612 3142 694 3202 sunt.

264 3275 414 3354 Accedit,
449 3274 554 3358 quod,
588 3276 671 3339 hanc
694 3275 843 3340 codicum
866 3275 1061 3357 scripturam
1082 3274 1110 3337 si
1132 3275 1328 3356 accepimuS,
1365 3291 1405 3336 ea

163 3395 249 3458 quaa
270 3379 486 3461 insequuntur
508 3378 611 3442 verba
632 3377 705 3442 τότε
727 3378 765 3442 ἂν
789 3377 872 3441 οὕτω
896 3374 1127 3462 σωθήσονταϋ)
1150 3379 1282 3442 omnino
1298 3377 1407 3439 soluta

162 3499 183 3542 a
205 3481 340 3562 reliquis
362 3501 424 3546 nec
446 3503 520 3546 cum
545 3482 810 3547 antecedentibus
831 3501 893 3547 nec
915 3502 991 3546 cum
1014 3483 1165 3564 proxime
1190 3478 1406 3562 sequentibus

161 3588 238 3665 apte
259 3591 393 3665 possunt
414 3589 582 3670 coniungi3
616 3605 720 3672 quare
753 3588 825 3651 iure
847 3586 988 3651 offensus
1010 3587 1165 3651 librarius
1187 3585 1307 3665 aliquis
1332 3586 1406 3664 post

161 3685 232 3750 τότε
253 3689 390 3750 inseruit
412 3692 611 3755 vocabulum
633 3690 714 3774 γὰρ,
748 3691 833 3774 quod
859 3691 1000 3773 legimus
1022 3691 1055 3753 in
1077 3683 1304 3771 BRDWEF3
1339 3704 1405 3768 quo

163 3796 273 3855 tamen
295 3792 416 3856 inserto
440 3795 574 3858 minime
598 3800 647 3858 est
669 3796 760 3859 locus
784 3794 985 3859 emendatus.
1050 3795 1245 3858 Accuratius
1268 3792 1355 3855 enirn
1378 3792 1407 3853 si

162 3896 235 3974 quis
246 3896 399 3981 inquirat,
422 3897 504 3959 haec
525 3900 629 3962 verba
651 3900 865 3980 posteriorem
889 3917 962 3963 esse
984 3903 1112 3979 partem
1136 3894 1284 3960 eiusdem
1307 3911 1406 3955 enun-

163 3997 241 4079 tiati,
263 4000 355 4061 euius
378 3999 467 4082 prior
488 4002 690 4065 avocabuiis
701 4000 757 4063 καί
767 3998 931 4086 ἐκβάλωσι
945 4002 1066 4084 incipit,
1088 3998 1257 4062 facilesibi
1272 4015 1403 4078 persua·

163 4097 248 4162 deat.
291 4102 355 4167 Sed
377 4103 585 4168 desideratur
606 4106 733 4188 aliquid
756 4108 790 4168 in
812 4106 901 4168 illius
923 4106 1082 4169 enuntiati
1102 4103 1212 4179 initi03
1234 4136 1275 4147 -
1299 4105 1407 4162 exstat

167 4343 579 4362 Ἢ

270 4600 292 4682 ¹)
311 4601 344 4672 δὴ
363 4601 434 4658 οὖτοι
458 4600 567 4676 Sauppe
583 4624 607 4676 p.
626 4604 684 4660 775.
