3120 5040
620 466 893 528 ...70-

277 635 389 721 Quare
410 639 442 700 in
467 642 642 720 utramque
665 638 851 716 editionem,
878 655 985 719 equo
1011 637 1123 702 eodioe
1148 637 1315 702 videretur
1338 657 1410 701 esse

173 760 344 824 expressa,
380 743 543 824 inquisivi.
588 742 636 805 Aa
659 740 845 824 Galliergae
867 741 1003 824 quidem
1023 741 1202 804 editionem
1235 778 1276 788 -
1307 760 1424 824 quam·

173 845 392 909 Romanam
423 847 592 927 appellare
613 846 802 926 placet-e
824 844 935 908 codiee
948 841 984 911 K
1006 864 1077 909 esse
1093 854 1282 927 expressam
1299 846 1411 907 multis

172 949 250 1012 linet
272 949 443 1012 ostendere
466 949 561 1026 locis,
583 950 745 1037 imprimis
768 956 879 1012 autem
901 948 973 1010 loeo
996 967 1015 1010 e
1037 969 1062 1011 e
1085 950 1248 1014 XXXVII
1271 951 1291 1012 3
1313 969 1334 1012 a
1357 966 1411 1010 me

173 1070 273 1134 supra
300 1053 345 1133 (p.
367 1053 425 1131 33)
447 1051 601 1131 laudato,
636 1054 692 1116 ubi
722 1053 868 1116 codicem
891 1049 928 1119 Κ
958 1048 1028 1120 eC
1063 1071 1135 1115 esse
1164 1054 1410 1132 transscriptum

174 1155 251 1234 dixi,
276 1157 397 1234 etalio,
420 1157 478 1238 qui
494 1160 601 1218 exstat
616 1158 649 1219 in
665 1176 691 1220 o.
715 1158 781 1220 XX
802 1158 833 1235 4,
855 1159 912 1221 ubi
935 1159 1023 1221 solus
1038 1153 1075 1222 K
1091 1162 1122 1219 et
1146 1156 1245 1220 editio
1261 1157 1412 1220 Romana

172 1260 332 1340 praebent
354 1260 518 1323 vocabula
539 1256 568 1321 τί
589 1261 652 1344 γὰρ
676 1260 730 1324 οὖν
755 1280 813 1342 pro
834 1267 1012 1344 τοιγαροῦν.

276 1362 385 1427 Editio
401 1364 522 1427 Aldina
544 1381 607 1426 non
628 1367 760 1427 omnino
782 1367 940 1428 consentit
962 1384 1036 1429 oum
1054 1362 1106 1447 K3
1129 1365 1185 1428 sed
1210 1366 1265 1428 ubi
1289 1363 1411 1427 recedit

176 1467 290 1543 abeo,
320 1469 509 1532 manifestes
538 1469 735 1530 correctoris
757 1468 1002 1533 emendationes
1032 1468 1180 1552 exhibet3
1215 1468 1360 1530 velutin
1385 1487 1410 1530 a.
1494 1487 1499 1496 ·

175 1570 325 1634 XXXII
351 1570 498 1635 additum
516 1577 568 1637 est
579 1573 779 1635 vocabulum
795 1591 848 1649 τις,
868 1572 960 1654 quod
978 1589 1091 1636 omnes
1113 1575 1263 1653 ignorant
1285 1570 1413 1635 codices

175 1693 258 1752 mss,
279 1680 352 1756 post
374 1671 467 1760 λάβῃ.
513 1678 690 1740 Praeterea
719 1678 823 1740 multa
855 1677 955 1739 habet
986 1695 1061 1738 oum
1091 1676 1232 1739 editione
1261 1677 1414 1741 Romana

175 1781 371 1864 eommunia,
394 1780 514 1861 quibus
536 1780 595 1842 illa
617 1779 727 1846 differt
748 1799 768 1843 a
791 1780 902 1844 codiee
923 1776 967 1864 K,
989 1781 1036 1843 ila
1057 1784 1093 1842 ut
1115 1781 1212 1842 sanila
1235 1779 1411 1842 editionem

174 1881 330 1945 Aldinam
354 1901 373 1946 e
395 1884 546 1947 Romana
568 1866 640 1948 esse
670 1903 856 1966 expressam
886 1886 946 1948 tibi
968 1883 1174 1966 persuadeas.
1218 1880 1315 1965 Quod
1337 1900 1413 1944 eum
1435 1946 1437 1949 ,

175 2002 239 2049 nou
260 1988 361 2067 possit
382 1988 523 2071 probari,
555 1989 582 2050 si
606 1989 741 2071 quidem
772 1995 861 2052 reete
883 1989 995 2051 statuit
1017 1988 1147 2062 Brenni,
1179 1988 1259 2049 haee
1281 2002 1415 2067 quoque
1465 2061 1467 2065 Ι

176 2090 323 2154 eeodioe
339 2087 375 2157 K
390 2093 443 2155 vel
460 2092 526 2155 alio
545 2093 575 2155 ei
597 2093 921 2156 simillimo·lluxisse
943 2091 1088 2173 putanda
1111 2089 1196 2170 est.¹)

280 2210 376 2295 Quae
397 2231 451 2274 res
481 2231 556 2276 oum
577 2215 625 2277 ita
651 2233 687 2277 se
713 2216 843 2297 habeat,
865 2215 956 2277 nulla
980 2213 1111 2277 omnino
1133 2228 1241 2294 neque
1265 2209 1415 2274 editionis

176 2314 318 2378 Aldinae
347 2335 408 2381 nec
435 2316 607 2381 Romanae
638 2323 686 2381 est
714 2320 798 2381 ratio
833 2317 992 2401 habenda,
1025 2318 1086 2379 nisi
1118 2335 1240 2392 eorum,
1273 2316 1329 2407 qui
1360 2332 1415 2377 eas
1462 2383 1466 2389 ,

176 2425 381 2500 curaverunt,
405 2422 606 2484 coniecturas
629 2422 712 2484 velis
735 2439 938 2503 cognoscere.
979 2448 986 2478 .·
1388 2429 1392 2437 '

176 2641 589 2662 Ἣ
637 2658 640 2664 7

177 2867 206 2919 L.
230 2865 339 2919 Schiirk
367 2866 456 2919 Aldus
483 2867 629 2919 Manutius.
672 2866 773 2920 Berlin.
801 2867 875 2918 1862.
911 2884 935 2935 p.
964 2866 1004 2926 52.
1034 2866 1188 2933 Schweigh.
1218 2866 1294 2919 1798.
1333 2869 1418 2935 prael.

176 2971 202 3023 p.
220 2952 356 3006 CXXXII.
373 2983 406 2993 -
436 2951 525 3005 Huius
543 2954 675 3006 editionis¹
690 2953 833 3022 exemplar·
851 2955 881 3004 in
898 2954 965 3031 lribl.
984 2956 1059 3022 regia
1076 2953 1179 3004 Monac.
1197 2957 1337 3004 servatum
1355 2954 1415 3021 ipse

178 3040 230 3094 hoc
247 3055 320 3092 anno
339 3040 444 3094 contuli
463 3039 635 3108 Viroeburgi.

283 3128 306 3196 ¹]
330 3127 385 3192 Qui
409 3130 504 3196 postea
527 3128 674 3180 ediderunt
692 3126 826 3197 libellum⁷
844 3128 986 3195 usquead
1005 3127 1037 3179 H.
1056 3117 1189 3179 Wolfium
1207 3120 1307 3196 (1560)Ι
1321 3142 1418 3178 omnes

178 3213 299 3282 pendent
317 3214 352 3264 ab
370 3213 492 3266 editione
510 3212 623 3284 Aldina,
641 3216 681 3266 ita
699 3219 730 3266 ut
749 3213 814 3266 haee
832 3217 868 3267 sit
886 3215 1015 3283 vulgatae
1033 3215 1262 3282 fundamentum3
1281 3213 1314 3264 H.
1332 3213 1417 3282 Wolf,

178 3301 228 3368 qui
245 3301 387 3351 nitebatur
403 3302 432 3352 in
450 3301 572 3354 editione
589 3301 713 3354 Basileae
729 3318 752 3360 a.
778 3301 845 3354 1547
871 3303 906 3353 ab
924 3302 982 3354 Joa
1001 3302 1126 3370 Oporino
1151 3301 1259 3367 emissa,
1291 3313 1363 3365 quae
1381 3316 1418 3352 ex

179 3385 347 3438 Aldinerum
366 3387 521 3440 editionum
539 3388 634 3456 aliqua
651 3389 838 3442 videturesse
857 3405 994 3459 expressa,
1022 3391 1061 3440 ite
1078 3393 1170 3439 tamen
1187 3390 1219 3437 ut
1237 3384 1332 3436 multis
1351 3384 1418 3437 loeis

179 3473 264 3525 verba
281 3475 338 3526 sint
355 3478 498 3543 corrupta,
525 3474 614 3527 multa
639 3479 667 3527 et
684 3476 713 3526 in
733 3477 857 3544 margine
874 3482 901 3528 et
919 3479 948 3528 in
967 3478 1041 3528 notis
1061 3475 1196 3544 correxit3
1223 3472 1297 3523 hune
1324 3477 1417 3524 alitem

179 3561 264 3612 secuti
289 3564 353 3612 sunt
377 3560 503 3628 plerique
519 3561 639 3614 editores
658 3577 746 3630 usque
764 3562 800 3613 ad
818 3563 973 3631 Schweigh.
992 3562 1100 3632 (1798),
1130 3562 1209 3629 pauoi
1226 3577 1242 3612 e
1260 3558 1344 3612 Gron.
1363 3559 1417 3611 edi-

179 3648 257 3700 tione
276 3646 371 3716 (1689)
389 3663 451 3699 suas
470 3653 637 3700 curaverunt
655 3650 831 3702 recudendas.
