3120 5040
677 453 889 514 ..57-

161 620 273 687 τσίννν
308 619 436 687 κελεύει
452 659 454 662 -
473 623 509 685 τὸ
548 621 709 708 δαιμόνιον
744 601 800 686 καῖ
843 624 923 707 πρὸς
953 624 1028 708 τὴν
1060 621 1138 709 παρ’
1168 624 1278 708 «αὐτῆς
1314 622 1402 688 δόσιν

161 725 366 812 μνημονεύειν
390 728 437 792 ὅτι
458 723 606 813 τοιαύτην
630 726 722 812 φύσιν
746 728 814 813 ἔχει
835 725 857 813 ἡ
878 725 1036 811 τύχην.

265 937 428 1002 XXXVII
445 938 473 1001 1.
519 932 694 1003 CodicisV
715 938 916 1018 scripturam
935 945 1010 1000 cum
1035 931 1064 1005 C
1086 938 1113 1000 si
1135 955 1315 1018 comparas,
1338 958 1402 1001 non

162 1041 261 1106 modo
281 1045 430 1124 apertam
453 1040 604 1104 lacunam
628 1040 688 1106 tibi
711 1039 961 1122 deprehendere
982 1039 1104 1104 videris
1127 1040 1182 1104 sed
1208 1042 1307 1105 etiam
1320 1043 1403 1124 glos·

163 1164 253 1209 sema
274 1145 326 1224 (rb
348 1144 433 1208 αὐτὸ·
448 1151 581 1228 πρᾶγμα
593 1142 667 1224 ἀεὶ).
704 1145 897 1208 Accuratius
920 1148 1030 1208 autem
1053 1145 1081 1208 si
1103 1146 1212 1209 locum
1236 1147 1403 1210 examina·

161 1249 261 1326 veris,
283 1249 379 1314 facile
402 1253 434 1311 te
453 1254 530 1329 puto
546 1266 789 1330 persuasurum·
804 1248 871 1324 tibi,
894 1248 1057 1311 vocabula
1081 1246 1237 1312 ἀδύνατον
1259 1250 1296 1312 τὸ
1320 1251 1398 1313 αὐτὸ

160 1359 292 1436 πρᾶγμα
307 1333 419 1415 ’κακὸν
444 1349 500 1412 καῖ
521 1350 648 1435 ἀγαθὸν
680 1350 759 1415 εἴναι
782 1369 853 1415 esse
875 1351 1015 1415 hominis
1038 1351 1124 1416 docti
1146 1353 1285 1416 alicuius
1306 1355 1403 1417 inter·
1490 1342 1493 1348 ¹

159 1457 392 1538 pretationem,
426 1474 513 1538 quae
541 1457 575 1518 in
605 1457 753 1538 margine
776 1457 918 1538 primum
946 1458 1096 1537 apposita
1118 1456 1238 1520 deinde
1260 1459 1402 1521 auctoris

159 1561 270 1625 verbis
304 1564 352 1624 est
383 1561 546 1644 iniuncta,
578 1561 625 1623 ita
659 1566 692 1623 nt
722 1561 783 1623 hoc
812 1578 945 1642 quoque
977 1561 1049 1624 loco
1078 1580 1142 1625 uon
1172 1561 1270 1625 modo
1297 1561 1402 1625 verba

160 1665 204 1729 ab
231 1668 365 1728 auctore
391 1664 500 1728 aliena
530 1683 605 1727 cum
628 1664 764 1747 reliquis
787 1664 907 1726 arctius
929 1666 992 1727 sint
1015 1665 1201 1750 coniuncta,
1231 1665 1289 1729 sed
1321 1666 1403 1730 baec

158 1771 231 1851 ipsa
251 1770 426 1833 mrmutata
448 1767 482 1831 in
505 1762 542 1836 C.

263 1977 320 2039 XL
344 1979 373 2040 1.
425 1976 501 2039 ὅταν
524 1981 672 2059 τιμῶνται
695 1975 751 2037 καῖ
774 1976 900 2039 οἴωνται
923 1975 974 2039 διὰ
997 1975 1117 2041 τούτων
1143 1977 1239 2063 μόνον
1264 1977 1343 2042 εἴναι
1364 1969 1401 2044 το

162 2077 357 2164 εὐδαιμονεῖν
378 2079 435 2142 καὶ
458 2078 557 2143 πάνθ’
578 2077 740 2164 ἑπομένως
763 2078 910 2163 πράττειν
933 2081 988 2144 καῖ
1009 2083 1049 2145 τά
1073 2080 1270 2169 ἀσεβέστατα
1290 2081 1346 2145 καῖ
1361 2083 1400 2146 τὰ

160 2181 356 2268 αἴοχρότατα
379 2181 537 2247 δοκοῦντα
561 2183 700 2247 εἶναιού
723 2190 945 2266 παραιτῦνται.
981 2187 1032 2250 Ι)ε
1048 2187 1191 2250 hocloco
1216 2184 1255 2252 Η.
1267 2184 1403 2268 Sauppe

159 2289 205 2369 (p.
229 2284 292 2351 770
314 2292 377 2371 sq.)
410 2289 594 2352 accuratius
616 2287 811 2370 disputavit,
844 2291 899 2371 qui
923 2292 1034 2355 verbis
1057 2289 1324 2355 antecedentibus
1347 2305 1402 2372 op-

159 2392 239 2455 tima
259 2393 440 2454 comtitutis
463 2392 626 2455 vocabula
649 2391 691 2474 μὴ
715 2398 939 2474 παραιτῦνται,
970 2411 1058 2476 quae
1080 2393 1169 2476 apud
1191 2394 1400 2471 Drnsihnom

161 2495 217 2576 qui
237 2511 279 2559 ea
301 2495 460 2559 exbibete
482 2490 549 2560 BD
570 2495 785 2578 opinabatur,
809 2497 976 2580 leguntur,
1000 2498 1165 2578 glossema
1187 2515 1259 2560 esse
1281 2499 1402 2577 statuit,

160 2617 234 2661 cnm
274 2617 338 2662 non
372 2599 414 2682 μὴ
449 2604 662 2682 παραιτιῦνται
694 2598 751 2663 sed
775 2599 813 2661 οῦ
835 2607 1061 2683 παραιτοῦνται
1084 2600 1237 2665 debuerit
1257 2601 1402 2665 scribere

158 2706 280 2766 auctor.
304 2702 368 2767 Sed
392 2709 499 2766 exstat
522 2703 559 2766 σῦ
583 2706 615 2767 in
639 2704 750 2768 codice
771 2700 806 2772 V
829 2711 868 2784 et,
892 2704 980 2788 quod
1005 2710 1221 2788 παραιτῦνται
1243 2706 1400 2787 seriptum

156 2811 214 2890 est
236 2823 300 2869 non
317 2811 555 2892 παραιτοῦνται,
578 2807 610 2870 id
633 2809 703 2872 solo
727 2828 839 2874 errore
861 2811 895 2872 in
918 2809 1033 2872 litteris
1057 2827 1082 2870 ω
1106 2813 1188 2872 aton
1205 2808 1401 2888 saepissime

157 2908 301 2973 admisso
324 2911 445 2974 lactum
469 2916 532 2990 est3
566 2913 784 2994 quamobrem
818 2932 895 2976 mea
917 2912 1052 2996 quidem
1075 2913 1235 2977 sententia
1257 2929 1321 2974 non
1344 2920 1401 2990 est,

156 3031 214 3076 our
248 3012 331 3076 haec
363 3014 525 3078 rambula
557 3015 739 3078 deleamus.
802 3018 916 3080 Restat
949 3018 1050 3080 etiam
1082 3015 1193 3092 alind,
1238 3015 1402 3080 vocabula

156 3122 304 3200 τιμῶνται
338 3117 393 3181 καῖ
426 3116 552 3200 (τιμῶσί
573 3138 608 3181 τε
631 3119 711 3182 aare
733 3118 789 3181 καί
812 3122 910 3202 Vulg.
933 3122 1040 3200 Dros.)
1070 3125 1253 3200 tamquam·
1273 3118 1400 3183 addita·

156 3226 304 3285 mentum
327 3241 348 3285 a
372 3222 496 3290 Cebete
518 3226 665 3288 alienum
688 3223 810 3287 delevit
833 3226 871 3289 H.
895 3225 1044 3305 Sauppe3
1078 3224 1159 3285 mibi
1190 3222 1323 3306 quidem
1355 3224 1401 3288 le·

157 3325 249 3388 viere
282 3329 465 3392 mutatione
499 3347 557 3410 pro
590 3333 758 3411 trebates,
793 3328 880 3410 quod
910 3333 1043 3410 propter
1064 3328 1240 3410 insequens
1262 3327 1400 3392 verbnm

157 3427 284 3492 οἴωνται
305 3431 463 3494 facillime
486 3434 565 3496 vitio
589 3433 830 3497 assimilationis
842 3438 951 3495 ortum
968 3435 1024 3509 est,
1046 3429 1400 3495 videtnrscribeudnm

157 3550 229 3597 esse
251 3540 371 3618 τιμῶσι,
404 3553 488 3619 cum,
520 3535 599 3619 quid
621 3535 684 3600 sibi
706 3535 786 3598 velit
810 3538 871 3600 hoc
893 3536 1065 3618 glossema,
1088 3538 1224 3598 minime
1245 3536 1287 3598 sit
1308 3553 1401 3616 aper·

63 3702 67 3708 ,
156 3640 234 3700 tum.
272 3636 346 3700 ‚aed
370 3638 459 3701 aliud
482 3644 643 3722 superest3
673 3639 777 3702 verba
807 3639 883 3702 ὅταν
905 3646 1016 3723 τιμῶσι
1038 3637 1094 3700 καῖ
1117 3639 1397 3728 οἴωνταιοιωιιίιιο

156 3757 220 3804 non
242 3741 418 3804 cohaerent
441 3761 516 3804 curn
539 3742 821 3824 antecedentibuS,
852 3761 1056 3824 quamquam
1079 3743 1135 3819 iis,
1159 3761 1217 3805 cur
1240 3761 1290 3825 ea,
1313 3760 1401 3824 quae

156 3844 206 3906 his
229 3845 338 3909 verbis
361 3846 574 3931 continentur,
595 3844 949 3928 accidantbominibus,
971 3847 1230 3926 demonstratur3
1263 3846 1401 3909 fortasse

157 3948 354 4012 vocabulum
378 3949 455 4012 ὅταν
478 3954 586 4012 ortum
608 3954 656 4014 est
680 3969 722 4013 ex
744 3950 791 4011 ὅτι
815 3950 853 4012 ἀν
873 3951 927 4013 vel
951 3949 998 4012 ὅτι
1020 3947 1093 4033 ἐὰν,
1128 3951 1174 4012 ita
1207 3953 1242 4012 ut
1265 3948 1401 4030 Sauppii

156 4051 439 4117 emendationibus
468 4055 614 4137 receptis
657 4054 718 4117 hoe
751 4053 849 4117 modo
879 4054 920 4116 sit
950 4059 1035 4118 totus
1070 4054 1159 4116 locus
1192 4052 1400 4119 scribendus:

154 4152 218 4217 καῖ
239 4155 275 4217 τὸ
307 4154 442 4220 σύνολον
478 4154 522 4219 δὲ·
547 4155 612 4220 ἐστὶ
633 4157 669 4221 τὸ
693 4165 783 4240 τιμᾶν
806 4163 906 4220 ταῦτα
929 4155 971 4234 ὡς
995 4155 1147 4243 ἀγαθάἢ
1173 4155 1333 4242 ἀτιμάζειν
1356 4157 1400 4235 ὡς

155 4257 256 4340 κακά,
278 4266 371 4323 τοῦτο
395 4259 424 4322 δ’
446 4259 511 4324 ἔστι
533 4261 569 4324 τὸ
592 4258 749 4344 ταράττον
771 4263 845 4337 τοὺς
868 4259 1061 4344 ἀνθρώπους
1084 4260 1140 4324 καῖ
1163 4258 1316 4347 βλάπτον·
1340 4263 1399 4343 δτι,

156 4359 213 4426 ἐὰν
235 4369 346 4448 τιμῶσι
378 4364 433 4427 καῖ
455 4366 583 4429 οἴωνται
607 4363 658 4427 διὰ
680 4363 800 4430 τούτων
823 4365 927 4450 μόνων
952 4365 1031 4430 εἴναι
1052 4367 1088 4429 τὸ
1111 4364 1321 4449 εὐδαιμονεῖν,
1344 4363 1400 4427 καῖ

157 4465 255 4531 πάνθ’
292 4466 486 4552 ὑπομένουσι
520 4468 666 4554 πράττειν
700 4470 817 4534 καὶτὰ
840 4468 1037 4558 ἀσεβέστατα
1061 4469 1117 4533 καῖ
1138 4472 1179 4534 τὰ
1201 4469 1399 4555 αἴσχράτατα

157 4568 316 4636 δοκοῦντα
340 4571 419 4636 εἴναι
440 4574 478 4638 οὐ
502 4581 738 4660 παραιτοῦνται.
