3120 5040
675 448 884 509 ..31-

155 641 239 704 cum,
261 624 385 703 quante
406 619 617 684 librariorum
642 623 674 682 et
697 624 917 683 correctorum
942 620 1159 697 lueritlibido,
1181 621 1260 683 satis
1277 601 1400 685 constet

155 725 241 806 apud
266 742 379 787 omues
408 759 446 769 -
478 723 596 786 eadem
620 725 718 786 tertia
739 743 840 785 manu
863 724 951 787 aliae
974 731 1048 786 suut
1070 724 1202 787 additae
1225 725 1396 788 correctio·

155 848 220 904 neS,
243 847 325 911 quas
348 846 367 890 e
389 823 426 893 Μ
448 847 511 892 non
535 828 625 905 licuit
647 827 874 907 depromere¹)
909 846 948 890 ac
972 827 1127 890 videntur
1151 833 1323 909 praeterea
1345 847 1399 890 vo·

156 932 275 994 cabula
295 938 358 995 τῶν
381 930 560 1014 ἀνθρώπων
585 932 680 1008 lVIlI
705 934 739 1010 l)
761 950 826 994 uon
849 932 910 993 lrac
932 933 1029 994 tertia
1052 950 1151 993 manu
1175 950 1247 994 esse
1269 934 1398 1012 scripta.

158 1036 292 1098 Accedit
326 1038 424 1100 eliam
461 1037 560 1100 aliud.
672 1037 710 1098 In
746 1036 915 1098 Meibomii
968 1035 1079 1098 codice
1127 1036 1321 1098 exstiterunt
1367 1038 1397 1098 iu

157 1136 373 1203 cXXXlXi
399 1140 561 1203 vocabula
584 1136 761 1222 ὑπάρχοντί
770 1159 835 1216 τινι,
859 1158 1000 1220 quorum
1024 1141 1113 1220 prius
1139 1140 1215 1201 vitio
1240 1141 1399 1203 assimilo-

156 1244 250 1306 tionis
305 1242 523 1324 depravatnm
581 1249 630 1305 est
671 1263 713 1305 ex
751 1241 957 1326 ὑπάρχοντος
1020 1245 1053 1305 in
1092 1236 1120 1310 0
1179 1248 1290 1317 autem
1340 1246 1400 1308 lroc

154 1330 356 1408 vocabulum
379 1366 420 1409 m.
442 1347 466 1409 I.
488 1348 535 1408 ita
557 1348 714 1426 scripturn
738 1352 794 1429 est,
824 1353 858 1409 nt
881 1349 938 1409 vix
961 1347 1134 1431 discernas,
1158 1353 1267 1409 utrum
1291 1349 1400 1413 littera

157 1469 178 1510 α
211 1452 253 1511 sit
285 1451 405 1530 scripta
432 1467 533 1531 supra
556 1469 564 1510 r
587 1469 629 1511 an
652 1469 661 1510 r
684 1469 785 1530 supra
807 1471 835 1514 α.
880 1452 1016 1513 Manum
1041 1453 1181 1532 primam
1206 1453 1401 1518 emendasse

159 1553 266 1615 locum
307 1572 380 1616 curn
423 1555 498 1634 ipsis
535 1555 649 1616 litteris
683 1561 752 1616 tum
788 1573 827 1616 eo
863 1555 1124 1638 demonstratur,
1172 1555 1260 1636 quod
1303 1577 1403 1638 sopra

157 1659 312 1737 scriptum
337 1664 472 1720 erat-
494 1677 579 1720 nuuc
602 1659 689 1720 enim
713 1678 845 1722 erasum
870 1663 919 1720 est
941 1694 983 1703 -
1017 1659 1247 1739 compendium
1274 1660 1402 1724 litterae
1428 1689 1431 1694 ·

158 1781 179 1821 α
204 1758 288 1839 (·ἶ·),
323 1761 411 1843 quod
434 1761 564 1824 videtur
587 1761 762 1846 addidisse,
791 1781 874 1838 cum,
909 1762 987 1844 quid
1012 1781 1128 1825 verum
1152 1767 1245 1844 esset,
1269 1762 1399 1826 diflicile

158 1870 244 1930 esset
265 1866 442 1929 intellectu.
492 1866 565 1928 Nisi
586 1867 685 1946 igitur
708 1866 790 1928 duos
814 1867 964 1928 librarios
987 1868 1089 1946 liugas
1112 1865 1228 1928 eodem
1252 1866 1323 1928 loco
1345 1868 1401 1930 ad·
1442 1944 1445 1952 Ι

158 1972 286 2033 misisse
308 1969 395 2032 idem
419 1970 535 2032 vitium
559 1971 642 2032 miro
665 1986 832 2046 consensu,
866 1976 899 2032 et
922 1971 961 2052 ei,
984 1971 1042 2050 qui
1064 1969 1211 2032 codicem
1234 1963 1262 2036 C
1286 1989 1400 2033 exara·

145 2075 213 2151 ¹vit,
236 2078 268 2136 et
290 2075 328 2150 ei,
352 2075 409 2154 qni
434 2073 546 2133 multis
569 2073 662 2134 aunis
685 2079 856 2153 postcom
880 2074 1050 2150 recensuit,
1073 2073 1242 2136 Meibomii
1255 2074 1401 2137 codicem

159 2184 289 2258 praesto
312 2179 412 2240 fuisse
435 2176 654 2240 statuendum.
699 2177 888 2261 Videamus,
911 2197 988 2239 uum
1013 2195 1065 2239 res
1087 2177 1134 2239 ila
1156 2196 1192 2240 se
1216 2180 1342 2243 habeat.

262 2282 378 2343 XXIX
401 2282 419 2343 2
442 2299 500 2362 pro
524 2277 784 2363 ἀνακάμπτουσιν
820 2300 839 2342 e
872 2276 1043 2346 codicelli
1074 2282 1235 2361 profertur
1260 2280 1401 2344 ἀνακύπ-

158 2403 274 2446 τουσιν.
311 2383 376 2466 Qni
400 2385 544 2447 codicem
568 2376 597 2449 C
620 2387 779 2463 exaramt,
800 2385 828 2446 is
851 2386 973 2446 omissa
997 2386 1110 2465 littera
1128 2406 1148 2445 α
1170 2387 1298 2466 scripsit
1327 2384 1402 2449 ἀνα-

160 2485 360 2571 spurcorum
393 2506 434 2551 ea
456 2493 567 2551 autem
592 2490 688 2563 linea,
711 2506 778 2568 qua
801 2508 822 2571 μ
845 2489 1051 2569 coniungitur
1073 2509 1148 2551 curn
1171 2508 1203 2567 π,
1230 2490 1276 2551 ita
1299 2496 1347 2552 est
1370 2491 1401 2551 in

159 2611 282 2671 rasura,
307 2599 342 2655 ut
364 2593 461 2655 facile
485 2593 575 2674 legas
599 2588 844 2655 ἀνακύπτουοιν.
901 2592 989 2654 Νιιιιι
1013 2599 1232 2655 commutasse
1254 2595 1400 2674 aliquem

158 2697 328 2760 Meibomii
362 2694 509 2759 codicem
543 2702 691 2759 secutum
728 2692 974 2779 ducu'prrrcoorr
998 2698 1030 2758 in
1054 2694 1289 2758 ἀνακύπτουσιν
1312 2705 1402 2777 pute-

160 2801 260 2861 mns‘?
305 2801 414 2880 Atque
436 2836 479 2844 -
502 2804 537 2862 ut
560 2801 686 2862 mittem
712 2799 798 2861 locos
822 2818 841 2861 e
863 2818 888 2862 c.
909 2801 958 2863 IX
973 2803 1002 2862 1.
1025 2801 1091 2863 XX
1103 2803 1132 2864 4.
1156 2799 1235 2862 XXI
1261 2801 1274 2861 l
1301 2819 1402 2880 supra

159 2905 203 2983 (p.
217 2904 273 2981 29)
304 2904 420 2966 allatos
444 2940 485 2949 —
509 2903 557 2966 lris
582 2901 691 2982 locis²)
713 2902 830 2965 eadem
856 2904 993 2983 legimus
1015 2907 1048 2967 in
1070 2901 1107 2972 Μ
1130 2910 1162 2967 et
1184 2898 1263 2971 iuC
1288 2903 1401 2986 verba,

158 3008 301 3088 quaein
325 3007 385 3070 hoc
407 3025 470 3070 non
493 3012 649 3090 correcta,
671 3006 729 3069 sed
751 3007 823 3087 ipsa
847 3028 887 3071 m.
911 3009 934 3072 I.
958 3016 1032 3071 sunt
1054 3010 1194 3090 scripta:

417 3122 484 3195 MC
976 3125 1229 3196 VBRDWPK

157 3246 288 3315 XXXV
312 3251 331 3314 3
365 3250 413 3312 ὅτι
435 3248 467 3313 ἐν
490 3255 534 3311 τῶ
557 3245 672 3331 πρώτω
696 3268 750 3309 πε·
806 3249 852 3310 ὅτι
875 3248 904 3346 οἱ
928 3249 960 3312 ἐν
983 3256 1028 3313 τῶ
1050 3245 1166 3331 πρώτω
1189 3247 1348 3336 περιβόλω
1364 3248 1399 3320 V

202 3352 318 3439 ριβὸλοι
590 3403 592 3407 ,
831 3348 1030 3419 ¹BRDWP

316 3503 319 3507 .
505 3471 508 3474 ’
806 3457 853 3518 ὅτι
877 3455 910 3519 ἐν
932 3463 975 3518 ror
1000 3453 1136 3539 δευτέρω
1161 3455 1320 3542 περιβὸλιι)
1338 3455 1373 3523 Κ

262 3792 283 3863 ¹)
302 3791 368 3844 XIX
386 3793 401 3844 2
420 3796 504 3861 δήπου
522 3797 666 3861 γενόμενος
685 3789 819 3859 praebent
838 3806 933 3843 omnes
952 3788 1072 3859 codices3
1091 3807 1106 3841 e
1123 3807 1174 3844 που
1194 3807 1262 3844 corr.
1280 3808 1353 3858 παρα
1371 3796 1399 3844 ct

156 3881 350 3949 suprascripsit
367 3898 417 3932 που
428 3880 472 3934 0³.
490 3910 525 3919 —
545 3878 640 3930 XXIII
658 3877 674 3928 3
692 3881 782 3945 καλῆς
799 3884 847 3944 τῆς
865 3882 941 3944 νίκης
952 3877 1009 3932 M.
1028 3880 1175 3944 καλλίστης
1194 3883 1270 3945 νίκης
1286 3878 1401 3935 VBR

157 3966 379 4036 DWPOK,
399 3983 435 4017 cx
453 3984 485 4034 vr,
503 3967 579 4032 quod
598 3967 627 4016 in
646 3979 741 4016 versus
760 3965 812 4015 fine
830 3966 964 4032 scriptum
983 3968 1031 4031 est,
1049 3979 1118 4015 corr.
1135 3971 1183 4031 τῆς
1202 3969 1228 4015 et
1243 3966 1397 4032 insequen-

158 4053 193 4102 tis
211 4068 305 4104 vorsus
323 4054 404 4104 initio
423 4050 484 4103 add.
502 4071 526 4105 νι
544 4055 587 4107 0³.
610 4082 646 4092 -
672 4049 777 4101 XXXV
803 4051 818 4100 5
847 4053 922 4103 οὐδὲν
943 4044 1043 4116 ὄφελος
1062 4054 1134 4102 ἔσται
1151 4054 1208 4117 ὑμῖν
1227 4052 1286 4108 Μ.
1322 4057 1398 4106 οὐδὲν

158 4140 259 4204 ὄφελος
283 4141 341 4207 ὑμῖν
369 4143 442 4192 ἔσται
463 4139 718 4194 VBRDWP.
747 4141 823 4190 sidtu
843 4140 943 4203 ὄφελος
962 4141 1033 4189 ἔσται
1052 4137 1141 4207 OK3
1169 4140 1198 4189 in
1226 4156 1311 4207 marg.
1338 4139 1399 4191 odd.

160 4225 185 4277 l
209 4227 266 4292 ὑμῖν
285 4225 403 4276 elidem
420 4226 532 4294 signum
550 4235 575 4284 'A
596 4229 659 4276 ante
678 4224 846 4276 vocabulum
865 4228 937 4276 ἔσται
956 4227 1007 4293 (3³3
1042 4256 1078 4264 —
1104 4226 1158 4275 uisi
1176 4241 1270 4278 errore
1288 4230 1400 4293 captum

156 4311 200 4363 vel
222 4311 435 4362 ernsndatnrum
460 4315 539 4379 putes
565 4310 675 4362 duobus
700 4310 806 4362 ultimis
831 4309 898 4362 locls
923 4311 1087 4361 immutasse
1105 4310 1190 4362 verba
1208 4317 1400 4364 correctorem.

176 4373 181 4415 ί
262 4397 286 4466 ²]
305 4397 376 4450 Aliis
393 4397 461 4450 locis
479 4398 633 4450 consentire
651 4397 765 4464 quidem
784 4395 867 4451 Mo
886 4400 1008 4465 certum,
1036 4395 1092 4462 sed,
1120 4413 1188 4449 num
1206 4398 1307 4466 reliqui
1327 4399 1400 4450 codi-

155 4500 198 4538 ces
217 4484 354 4554 differant,
371 4485 503 4540 dubium:
530 4482 623 4536 XXVI
641 4483 657 4534 2
675 4487 726 4537 ota
744 4487 781 4536 ἔτι
799 4483 853 4539 Μ.
872 4484 909 4537 0⁸
926 4483 956 4533 in
974 4499 1025 4535 ras.
1044 4484 1153 4551 scripsit
1172 4488 1192 4537 ἐ.
1212 4484 1305 4536 XXXI
1324 4485 1339 4536 1
1363 4489 1399 4556 μὴ

155 4576 192 4627 δὲ
212 4571 305 4625 XXXI
322 4571 339 4624 6
359 4576 392 4626 τὰ
409 4576 621 4640 προϋπάρχοντα.
641 4569 689 4622 XL
708 4571 723 4621 1
740 4575 770 4623 τὸ
789 4572 901 4622 οὑνολον
922 4572 952 4622 δέ
971 4573 1032 4622 ἐστι.
